2876 4622
1120 513 1128 544 l

229 563 360 629 Tabula
383 566 444 627 IX.
480 561 584 649 priori
606 565 804 650 respondet,
847 584 908 648 ope
929 565 1020 648 cujus
1049 564 1117 630 dati
1142 589 1214 652 gra·

187 650 245 713 dus
260 647 449 735 AEquatoris
466 664 705 713 convertuntur
727 649 763 713 in
788 664 912 734 tempus
938 646 1036 733 primi
1064 653 1212 731 mobilis,

185 733 259 808 ita,
282 751 318 796 ut
346 730 527 815 quindecim
544 733 661 814 gradus
685 734 764 798 dent
791 755 889 796 uuam
912 734 1051 806 horam,
1073 736 1213 820 &hujus

185 815 496 964 ususanpplsillrmus,
518 816 593 880 dum
607 814 918 903 partesAEquatoris
938 813 974 881 in
993 831 1118 906 tempus
1138 842 1213 885 con·

150 948 153 958 ·
185 917 302 966 verten
327 923 337 963 ι
369 915 439 963 unt.

223 1068 353 1134 Tabula
387 1069 429 1131 X.
460 1062 593 1130 exhibet
623 1069 865 1132 conversionem
897 1066 1055 1162 graduum
1091 1069 1212 1155 AEqua·

179 1151 460 1237 torisvintempus
482 1149 642 1224 medium,
664 1151 703 1216 de
726 1157 788 1236 quo
809 1149 970 1236 principio
992 1151 1087 1230 hujus
1103 1158 1210 1218 Intro·

109 1296 110 1299 ,
180 1236 334 1300 ducionis
352 1239 470 1299 atlum:
491 1255 610 1330 quare,
632 1256 705 1300 cum
721 1235 856 1320 integre
874 1236 1075 1300 revolutioni
1088 1239 1211 1322 AEqua·

180 1322 257 1384 toris
274 1324 328 1384 seu
339 1322 409 1400 360.
421 1317 572 1400 gradibus
592 1340 658 1382 non
675 1317 734 1382 nisr
750 1339 799 1398 23.
813 1323 904 1402 h.·56,
922 1341 963 1382 m.
974 1325 1002 1384 81
1014 1337 1036 1392 4
1046 1339 1069 1383 s.
1082 1324 1211 1406 respon·

113 1433 119 1444 ¹
180 1405 277 1488 deant
291 1401 444 1501 temporis
461 1399 567 1476 medii,
576 1400 728 1486 gradibus
743 1421 779 1484 15
799 1403 866 1472 non
886 1403 985 1474 hora,
1001 1401 1117 1485 sed59.
1130 1403 1209 1468 min.

179 1499 206 1556 δι
224 1507 264 1572 50
280 1511 303 1550 s.
317 1485 534 1574 respondent,
551 1495 580 1553 &
596 1485 644 1548 ita
658 1509 768 1572 porro.

183 1697 187 1710 .
217 1655 346 1718 Tabula
368 1652 506 1740 denique
543 1655 602 1718 nc
635 1668 749 1718 contra
778 1655 1029 1734 conversionem,
1052 1649 1207 1738 temporis
1298 1667 1301 1672 ·

177 1737 274 1804 medii
293 1738 329 1802 iu
347 1739 465 1826 gradus
481 1735 668 1824 AEquatoris
685 1735 839 1803 continet.
1266 1761 1268 1774 ·

309 1913 310 1920 ,
654 1915 658 1920 .

179 1919 1211 1980 mm

213 2063 352 2154 USUS
382 2065 741 2200 TABULARAUM
768 2065 892 2154 XXV.
928 2062 986 2164 89⁹
1015 2065 1170 2154 XXVI.

172 2223 413 2364 Accuratam
435 2225 589 2314 temporis
613 2224 755 2290 meridiei
776 2227 1025 2300 corredionem,
1051 2225 1138 2310 quod
1160 2247 1201 2289 ex
1274 2271 1277 2278 -

271 2307 494 2376 altitudinibus
515 2309 588 2374 solis
605 2307 924 2396 correspondentibus
942 2308 1081 2385 elicitur,
1095 2309 1199 2372 necel'·
1286 2353 1293 2362 -

169 2390 283 2456 sariam
308 2399 385 2469 effe,
410 2395 552 2459 Theoria
565 2392 639 2458 solis
654 2395 789 2468 edocet,
813 2416 884 2460 cum
902 2391 988 2458 enim
1009 2390 1199 2456 Declinatio

135 2515 138 2520 -
167 2475 242 2540 solis
252 2477 437 2560 snrgulis‚ut
454 2477 500 2540 ita
523 2477 637 2557 dicam,
651 2476 823 2542 momentis
838 2475 985 2542 varietur
999 2480 1057 2541 vel
1083 2474 1117 2538 in
1146 2499 1199 2538 au·

167 2576 333 2642 gmeutum
343 2573 356 2636 ,’
376 2565 431 2626 vel
445 2559 478 2624 in
490 2561 742 2636 decrementum,
759 2561 972 2626 intervallum
983 2557 1137 2644 temporis
1149 2557 1197 2624 in-

131 2647 132 2652 ’
166 2658 216 2724 ter
241 2639 448 2710 altitudinem
473 2644 546 2708 solis
565 2644 876 2714 antemeridianam,
898 2653 927 2709 ἃ
952 2639 1038 2712 inter
1058 2642 1194 2708 eandem

165 2741 311 2814 tempore
329 2725 551 2815 pomeridiano
565 2745 728 2813 acceptam
743 2729 851 2809 (extra
864 2719 1021 2818 solstitia)
1040 2722 1194 2788 bifariam

164 2800 320 2886 divisum,
342 2822 371 2880 δι
387 2808 620 2882 observationis
644 2808 785 2896 tempori
810 2806 1084 2873 antemeridiano
1105 2807 1192 2870 addi·
1244 2840 1245 2843 ι

164 2906 254 2968 tum,
276 2898 332 2958 vel
351 2899 370 2958 ὲ
386 2893 606 2978 pomeridiano
627 2893 841 2967 subtrastum,
880 2912 1084 2978 nequaquam
1103 2889 1194 2954 dabit

164 2989 289 3061 tempus
303 2977 447 3041 meridiei
460 2975 542 3051 veri,
548 2979 601 3040 seu
617 2975 722 3041 centri
732 2976 808 3040 solis
825 2975 1055 3040 culmiuantia⁴
1066 2975 1191 3058 AEqua·

163 3057 252 3124 tione
273 3061 380 3146 itaque
400 3083 478 3148 opus
497 3060 620 3124 habent
642 3077 788 3146 tempora
807 3056 1003 3142 hujusmodi,
1024 3058 1191 3146 pendente

162 3141 285 3209 avaria
298 3145 371 3209 solis
391 3144 626 3220 declinatione,
643 3153 671 3214 δι
686 3143 870 3209 elevatione
882 3141 965 3208 Poli

201 3310 414 3386 Astronomi‚
437 3311 680 3398 quifhucusque
703 3305 918 3375 coretlionem
938 3307 1023 3374 hanc
1050 3300 1190 3373 Tabulis
1249 3380 1250 3384 Ἰ

159 3395 472 3479 completlebantur,
492 3396 574 3458 falso
587 3396 748 3481 supposrto
774 3394 994 3468 laborabant,
1016 3393 1102 3476 quod
1121 3387 1189 3474 exi·

158 3477 378 3554 stimaverint,
401 3476 632 3544 correctionem
648 3477 856 3564 aequatoriam
873 3481 999 3540 nullam
1015 3479 1090 3552 effer
1113 3479 1188 3557 Ego

158 3577 244 3625 certe
255 3583 372 3646 paucos
390 3580 464 3626 ante
483 3583 585 3624 annos
605 3566 769 3648 Tempora
789 3558 934 3625 meridiei
953 3556 1062 3624 elicita
1077 3555 1093 3624 ὲ
1109 3556 1187 3620 meis

157 3645 478 3731 correspondentibus
498 3643 589 3720 solis,
611 3653 640 3712 dr
659 3669 721 3732 ope
738 3645 871 3712 Tabula
888 3639 1095 3706 Marinoniunae
1110 3663 1187 3705 coae-

158 3734 276 3812 quat'a,
297 3751 368 3794 cum
388 3727 604 3814 Temporibus
621 3751 662 3792 ex
677 3745 828 3796 accurata
842 3725 929 3792 linea
947 3747 1017 3789 mea
1038 3722 1187 3790 meridia·

157 3833 199 3874 na
210 3809 349 3897 repertis
359 3833 558 3900 comparans,
568 3809 867 3892 animadvertebam
876 3810 1008 3874 omnino
1026 3811 1092 3872 sole
1112 3830 1193 3873 ver«
1268 3851 1280 3873 2

118 3979 119 3982 Ἴ
156 3897 244 3958 laute
263 3895 349 3960 circa
366 3901 528 3982 lignorum
545 3899 671 3976 Πηη),
687 3900 721 3974 ,ll
740 3907 768 3964 δι
789 3899 822 3972 Χ
840 3891 953 3969 initia,
975 3893 1187 3956 secundorum
1216 3931 1219 3980 ι
