2686 4620
719 369 723 376 '
767 383 829 444 3¹·

250 439 1308 516 Eu

286 637 308 670 „
329 587 585 655 exercitatillimo
609 589 705 656 etiem
725 594 918 660 calculatori
942 595 1003 662 vix
1030 596 1113 664 binae
1151 597 1292 664 sufficiant

288 720 311 750 „
334 673 422 739 horat
432 675 475 738 ad
489 675 613 741 easdem
629 675 847 760 longitudines
861 679 892 746 dt
908 679 1096 748 latitudines
1108 687 1194 746 lunae
1218 702 1292 746 veras

289 803 309 834 „
332 759 577 846 supputandus
602 757 760 826 Delatore
781 758 872 846 igitur
892 763 1046 850 cujuspiam
1070 766 1236 849 Astronomi
1255 786 1294 826 ror

288 893 311 923 ,‚
332 860 389 906 tum
404 865 443 906 ex
455 841 671 923 olffenvoiorum
690 845 774 932 copia
787 845 859 908 nude
873 845 910 910 ub
921 845 972 910 illo
988 846 1160 930 sudatum,
1195 870 1269 934 quum
1285 869 1294 908 ι

290 975 313 1006 „
334 947 447 992 ιιιιιιιειο
459 945 555 992 cortem
571 929 818 1008 obstitutionum,
846 930 981 1016 equibus
998 924 1142 996 elementa
1151 953 1208 1019 per
1223 933 1296 1014 senet

291 1055 311 1090 ,‚
332 1007 469 1090 detorto
490 1033 553 1107 qua
568 1012 629 1094 usui
645 1009 698 1100 effe
733 1013 813 1095 afflet
829 1029 885 1078 tute
898 1013 984 1092 eliis,
1005 1031 1063 1080 tum
1090 1017 1130 1081 ud
1148 1027 1295 1102 presentem

290 1143 312 1176 „
335 1093 523 1180 Astronormae
553 1097 690 1178 rosecium
747 1097 910 1176 utilitatem,
910 1097 1055 1186 judicium
1062 1100 1225 1178 ferendum·

331 1221 355 1256 ‚,
376 1176 474 1246 Finio
489 1119 572 1244 fodr
588 1179 883 1258 animadversione,
904 1205 972 1270 quie
986 1181 1118 1247 videtur
1134 1182 1194 1249 else
1211 1186 1296 1249 corol-

293 1311 315 1347 „
335 1264 453 1330 larium
469 1265 628 1350 quoddam
645 1265 789 1330 omnium
802 1285 929 1343 eorum,
952 1286 1021 1352 quae
1038 1282 1114 1332 unte
1129 1267 1296 1338 edixerim,

293 1393 315 1424 ‚,
336 1351 528 1423 hucerest,
549 1363 586 1412 ut
602 1346 641 1422 ii,
663 1347 719 1434 qui
735 1352 797 1414 sese
812 1354 1010 1434 profitentur
1034 1349 1295 1418 observaretur

294 1477 316 1508 ,,
337 1431 478 1518 prodelie
493 1430 602 1496 velint
615 1431 857 1508 Astronomle,
878 1433 1043 1522 eidemque
1059 1434 1163 1512 utile,
1181 1457 1295 1505 verum,

293 1561 316 1590 „
336 1539 374 1580 ac
393 1515 511 1602 ptaesms
534 1515 662 1584 adferre
683 1517 907 1594 commodum,
942 1540 1053 1584 ornnea
1093 1518 1295 1588 reductiones,

294 1646 317 1676 „
338 1619 511 1684 omnesque
527 1602 666 1665 calculos
683 1597 742 1685 ipsi
757 1599 879 1667 facient
897 1605 1022 1667 suerum
1037 1601 1296 1684 observationum,

293 1693 315 1760 ;,
340 1693 368 1751 u
386 1704 588 1770 nequaqurnr
605 1681 701 1747 editis
726 1683 820 1748 nudis
840 1683 1145 1767 observationibus,
1176 1703 1231 1750 rut
1248 1677 1295 1747 'cil

296 1811 320 1842 „
342 1771 431 1834 culos
447 1767 482 1831 in
497 1763 585 1834 eliud
599 1781 725 1852 tempus
747 1765 917 1856 differunt,
939 1786 997 1836 aut
1017 1768 1204 1839 calculandi
1225 1769 1294 1830 labo·

296 1895 318 1929 ‚,
338 1875 407 1918 rem
424 1851 466 1914 ad
477 1870 531 1916 eor
545 1848 735 1928 remittant,
756 1850 812 1938 qui
827 1849 876 1916 hir
889 1852 1170 1920 observationibus
1195 1851 1241 1916 uti
1256 1871 1295 1912 ve·

293 1980 315 2013 „
338 1936 420 2004 lint.
443 1935 622 2011 uam,dum
636 1935 897 2000 observationum
907 1958 1057 2002 numerus
1067 1936 1235 2022 aliquanto
1247 1953 1294 1997 na·

294 2063 317 2098 ,‚
335 2022 386 2102 jor
402 2021 463 2093 est,
485 2018 622 2103 spatium
636 2018 789 2104 temporit
805 2018 1011 2096 diuturnum,
1032 2023 1117 2107 quod
1132 2023 1178 2085 ad
1188 2021 1296 2084 horcal

296 2109 429 2182 „culos
453 2099 658 2187 requiritur,
687 2099 818 2198 ipsaque
852 2107 1051 2170 celculorurn
1076 2100 1295 2190 multiplicitas,

296 2234 319 2267 „
341 2182 557 2254 redueionem
573 2187 687 2248 harum
702 2183 964 2254 observationum
987 2192 1073 2274 quali
1093 2184 1297 2273 impollibilen

297 2319 319 2349 „
339 2269 427 2336 facit.
469 2265 642 2352 Nonigitur
664 2267 809 2350 cery'eodur
834 2269 872 2354 est
895 2272 1056 2353 oiffewuter
1069 2273 1242 2356 Ιβιιςιιίιινιιιι
1261 2263 1298 2328 ati·

296 2402 319 2432 „
360 2374 424 2418 uum
430 2354 547 2434 adferre
552 2351 666 2440 publico
678 2353 845 2429 utilitatem,
864 2353 914 2439 qui
921 2353 1136 2439 toturtstineo,
1152 2366 1298 2436 utmugmt

297 2487 321 2518 „
331 2380 451 2524 inarum
467 2435 689 2516 observationum
702 2453 752 2500 out
762 2454 852 2524 prout
859 2437 950 2520 solla
960 2440 1045 2522 sunt,
1070 2457 1120 2503 out
1147 2455 1252 2504 tantum
1272 2427 1299 2492 od

299 2566 323 2604 ‚‚
342 2536 448 2608 tempus
458 2539 554 2585 iterum
570 2517 746 2584 relatarum
761 2521 947 2586 colleflionem
959 2524 1040 2608 typis
1053 2524 1184 2607 erotgrr„
1219 2516 1298 2588 Vide·

275 2603 322 2688 ',‚
343 2626 397 2673 eur
411 2603 490 2670 mihi
512 2619 699 2690 praterea,
728 2605 844 2668 debere
873 2605 1051 2685 hujusmodi
1080 2607 1298 2670 observatorem

300 2738 323 2769 „
346 2715 414 2757 non
429 2694 532 2754 solum
546 2689 662 2752 addere
674 2685 734 2752 suis
745 2686 1020 2754 observationibus
1036 2693 1095 2754 ase
1108 2691 1237 2754 reducit
1251 2685 1298 2747 elt-

302 2819 324 2855 „
345 2789 474 2850 menta,
490 2773 548 2838 sed
565 2772 699 2856 ipsemet
714 2770 896 2858 principia,
928 2769 1073 2858 ipsosque
1096 2777 1237 2838 calculos
1261 2764 1298 2856 ad·

300 2904 324 2936 „
344 2863 448 2933 ferre,
474 2857 588 2942 quibus
602 2855 637 2919 in
657 2877 802 2921 errorem
823 2853 965 2933 calculi,
992 2872 1048 2921 aut
1068 2857 1169 2943 typi,
1202 2859 1225 2918 fi
1247 2863 1299 2935 q11¹⁵

301 2986 323 3019 ,,
344 2937 744 3027 subelleputetor,inquiri
761 2943 862 3024 poffit.
904 2941 1030 3006 Horum
1047 2943 1245 3006 calculorum
1261 2933 1298 2993 dt·

301 3070 322 3109 ‚,
341 3029 426 3092 fediu
442 3028 624 3092 Geometrra
644 3021 813 3100 hodierni,
835 3019 938 3109 quiin
952 3023 1098 3088 Theoria
1121 3029 1207 3092 lunae
1223 3015 1300 3106 perfi-

301 3157 325 3187 „
345 3108 458 3174 cienda
471 3107 659 3183 elaborent,
682 3106 799 3173 merito
813 3105 1009 3192 queruntirr,
1030 3111 1061 3171 se
1076 3124 1198 3174 etanto
1216 3101 1300 3167 obser·

303 3241 326 3270 „
346 3192 514 3259 vationum
529 3194 659 3256 Astron.
681 3190 770 3276 typis
784 3192 932 3255 datarum
949 3213 1083 3255 numero
1110 3191 1169 3258 vix
1195 3187 1300 3270 aliquas

192 3313 203 3339 s
301 3320 326 3354 „
346 3275 487 3363 reperire
502 3324 512 3352 ‚
540 3271 726 3359 quibuscum
742 3275 896 3342 formulas
910 3277 979 3339 suas
995 3275 1178 3360 analyticas
1193 3283 1299 3350 compl·

303 3407 326 3436 ‚,
370 3375 474 3426 arent.
515 3356 729 3424 Deduttiones
738 3355 852 3436 Halteji
859 3405 869 3435 ,
885 3379 954 3444 quae
965 3359 1107 3424 adfinem
1122 3360 1299 3424 Tabularum

303 3490 329 3523 ,‚
345 3384 608 3528 ilallejianarum
624 3444 837 3518 referuntur,
880 3455 909 3510 dr
941 3441 1147 3528 incompleta
1168 3447 1240 3510 sunt
1252 3480 1259 3504 ,
1271 3433 1301 3524 ,ἃ

193 3527 213 3554 ·’
304 3569 326 3604 ,,
346 3525 591 3608 minuesecurae,
612 3524 647 3588 in
662 3530 828 3612 completa
844 3524 972 3613 quidem
987 3525 1111 3590 defectu
1133 3524 1303 3612 declinant

303 3657 326 3689 „
345 3632 438 3685 num,
461 3619 489 3678 da
509 3607 739 3683 latitudinum,
761 3609 865 3674 minus
887 3625 992 3674 tutem
1006 3611 1138 3685 securae,
1160 3605 1300 3696 quoduon

303 3717 327 3774 „·
348 3693 487 3781 ipsaemet
503 3695 687 3758 referantur
701 3692 961 3769 observationes,
979 3713 996 3756 e
1020 3692 1134 3778 quibus
1155 3683 1302 3778 Ascendo*

304 3825 326 3854 „
348 3799 405 3844 nes
416 3782 508 3844 red'cae
522 3780 700 3862 supputatae
712 3779 806 3850 sunt,
827 3795 1128 3863 quosqucuonunte
1142 3775 1292 3864 periclitrr

304 3907 328 3936 „
349 3860 425 3925 licet
442 3865 602 3934 calculos,
624 3857 769 3944 equibus
784 3863 944 3924 elementa
961 3857 1053 3924 nobis
1075 3862 1145 3946 jam
1158 3875 1240 3924 nunc
1253 3863 1299 3912 nrt·

304 3991 326 4018 „
350 3943 411 4008 lius
427 3961 506 4009 notu
521 3943 760 4019 emendentur,
791 3966 885 4029 quam
915 3943 1156 4013 observationes
1183 3931 1301 4030 ipsaefflli

241 4083 243 4090 Α
305 4073 327 4102 ,,
348 4026 438 4112 typis
458 4031 675 4112 proferantur.
1300 4051 1301 4054 ¹
