2938 4640
188 469 330 538 Transito
349 463 494 538 Veneris
505 469 620 536 dieto.
638 471 726 553 Junii
749 483 840 555 17⁶¹·
863 473 1030 535 observato
1049 469 1224 534 ostensurus

187 561 261 624 sum.
275 555 408 638 Pagmg.
430 554 639 620 Collettionis
653 574 729 620 meae
741 557 997 622 observationum
1008 553 1165 618 Transrtus
1194 555 1215 631 ῼ

189 644 253 708 diei
268 651 298 708 6.
310 641 398 724 Junii
415 651 505 722 1761.
520 655 579 721 ago
592 638 631 702 de
647 639 798 705 diametro
813 643 967 718 Veneris,
979 638 1036 702 ubl
1050 637 1119 702 aio:
1139 659 1222 698 acco·

191 739 282 788 ratam
294 723 429 787 diametri
446 723 480 785 V
475 725 568 786 eneris
584 721 775 803 dienenfiontm
787 723 942 810 plurimum
951 718 1097 805 fossatum
1117 721 1158 782 ad
1177 741 1224 781 oe-

190 806 534 892 cutatiotemsysiematis
551 803 639 887 ntfiri
658 809 809 884 notitiam,
831 805 1002 890 tardemaffa
1018 803 1138 866 Veneris
1150 821 1225 888 pra·

191 894 275 976 citior
292 893 413 967 notitia,
435 878 474 960 Θ
496 913 535 953 ex
565 891 616 951 iac
634 893 859 977 perturbationis
884 893 1029 974 quantitas
1047 886 1224 974 probabilior

153 1003 154 1008 ¹
189 977 372 1042 determinari
385 976 508 1060 poterit.
553 978 629 1039 Hac
648 995 716 1040 mea
736 972 912 1064 propositio
928 972 1139 1040 celeberrimo
1160 971 1225 1037 cui·

190 1063 259 1128 darn
273 1063 467 1133 Geometras,
491 1075 526 1125 ut
539 1058 617 1122 mihi
624 1062 664 1124 ab
672 1061 774 1124 amico
788 1060 917 1126 relatum
934 1059 992 1132 est,
1003 1057 1034 1121 dt
1046 1053 1225 1126 falsadzru·

171 1197 173 1202 .
189 1147 274 1220 dior,
297 1145 327 1209 dr
343 1163 393 1209 me
408 1146 537 1210 authore
550 1141 679 1226 indigna
690 1144 756 1207 visu
772 1145 833 1220 cti,
855 1143 939 1230 quast
954 1138 1226 1219 asseruilienr,maf·

170 1247 173 1254 ’
180 1228 419 1316 sassphnarun
429 1227 512 1312 sequi
525 1224 664 1291 rationem
676 1225 889 1304 diametrorum,
900 1225 1226 1314 quodquivisinphy·
1307 1281 1310 1286 ,

189 1314 259 1380 ficis
272 1317 364 1396 Tyro
378 1312 479 1379 nollet
491 1313 551 1378 elle
564 1308 689 1383 inrum
711 1311 895 1398 sednempe.
910 1325 944 1376 ut
958 1311 1225 1374 Geometriaecum

189 1395 387 1463 Astronomia
400 1397 483 1461 bene
496 1397 686 1472 conveniat,
709 1415 777 1459 eam
790 1408 918 1483 oportet
933 1389 1226 1462 Astronomonrm&

189 1481 330 1546 methodi
343 1481 561 1566 hypotheticae
575 1478 606 1544 it
620 1479 837 1546 elocutionum
850 1480 926 1545 huic
941 1478 1091 1544 methodo
1105 1495 1225 1543 accom-

109 1634 114 1643 ,
190 1565 349 1630 modarum
363 1565 547 1639 meminisse,
567 1579 604 1628 ut
623 1563 737 1629 monui
756 1563 791 1628 in
810 1561 991 1650 praesatione
1021 1563 1059 1627 ad
1088 1565 1225 1629 Tabmas

191 1654 336 1713 Lunares.
377 1647 490 1712 Sensus
503 1649 600 1730 igitur
614 1665 753 1710 meorum
766 1651 936 1712 verborum
948 1667 1012 1710 non
1026 1646 1121 1720 alius,
1133 1653 1226 1732 quarn
1242 1689 1244 1694 -

192 1735 323 1816 sequens
337 1730 396 1796 effe
408 1729 527 1818 potest:
548 1729 680 1794 scilicet.
727 1730 911 1816 supponendo
919 1729 1038 1792 duarum
1042 1726 1227 1814 falerarum

174 1821 177 1828 '
191 1815 338 1892 densitates
370 1835 452 1889 ares,
474 1812 575 1896 ntaſjas
581 1811 617 1893 se
638 1812 668 1876 m'
683 1814 818 1880 rationem
834 1816 892 1878 cult.
907 1813 1037 1894 dianretr.
1063 1798 1140 1893 &Ji
1151 1833 1227 1876 com-

188 1901 323 1987 periatur
337 1835 501 1962 tiiametrum
519 1897 602 1959 umus
615 1835 738 1984 inient
752 1895 807 1983 effe
835 1899 988 1976 rainonem,
1011 1896 1095 1983 sequi
1116 1900 1226 1974 eriam,

192 1984 379 2069 quantitatem
393 1980 482 2066 maffia
491 1985 626 2064 futuram
641 1983 800 2057 minorem,
836 1999 921 2068 arque
943 1977 1016 2046 odeo
1041 1983 1234 2066 quantitatem.

189 2065 389 2148 uisionissore
410 2068 559 2142 minorem,
592 2067 680 2150 quod
699 2087 803 2132 meum
821 2067 1021 2132 ratiocinium
1034 2066 1136 2131 eidem
1158 2067 1226 2132 Cel.

190 2155 366 2217 Geomwae
379 2143 520 2238 sequenti
536 2148 739 2216 conclusione
753 2171 810 2239 per
822 2152 957 2216 eundem
970 2167 1072 2214 meum
1094 2154 1226 2214 amicum

191 2234 423 2320 dijudicandum
461 2233 608 2322 toposui:
630 2283 648 2309 „
669 2235 890 2300 celeberrimus
903 2232 1078 2298 Ciuitautius
1100 2237 1157 2316 (ut
1179 2255 1226 2300 re·

192 2369 211 2396 „
231 2317 374 2384 fertario
394 2325 427 2392 A
460 2320 487 2384 's
506 2315 607 2382 Aced.
631 2319 722 2385 Paris.
742 2319 781 2386 ad
803 2323 932 2385 Armum
953 2338 1044 2400 1757.
1064 2337 1135 2407 pag.
1166 2341 1224 2402 130

191 2452 210 2480 „
231 2404 382 2468 Articnlo
396 2401 539 2476 VIII.,de
554 2403 728 2486 aequatione
737 2413 841 2469 motus
855 2401 993 2467 Telluris
1003 2414 1119 2467 ortaex
1132 2401 1226 2467 amio-

191 2537 210 2562 „
231 2508 272 2552 ne
285 2488 416 2552 Veneris
427 2489 491 2569 )ex
504 2503 560 2558 e0,
583 2485 668 2570 quod
682 2486 831 2551 diameter
856 2491 876 2563 ῼ
892 2511 941 2542 s:
952 2507 975 2546 r.
992 2488 1061 2549 101‘.
1075 2486 1115 2549 ab
1122 2485 1226 2551 Astro-

193 2619 212 2648 „
231 2571 333 2637 nornis
355 2571 504 2644 dimensa,
525 2583 646 2654 reperta
660 2567 754 2652 fuerit
767 2570 894 2656 aequalis
907 2569 1059 2634 diametro
1068 2567 1224 2645 Telluris,

194 2707 213 2734 „
233 2654 418 2742 &ponendo
434 2651 601 2721 densitates
612 2673 701 2742 paros
715 2655 749 2720 in
763 2653 893 2719 Tellure
907 2672 944 2717 ac
958 2655 1100 2729 Venere,
1114 2655 1226 2740 suppo
1330 2682 1335 2691 ¹

191 2790 211 2818 „
231 2739 288 2803 suit
301 2741 420 2803 mallim
434 2739 568 2809 Veneris
583 2739 731 2823 aequalem
746 2739 901 2815 Telluris,
918 2732 989 2824 ‘quo'
1000 2733 1158 2824 supposito
1166 2736 1228 2800 cal·

191 2875 210 2902 „
230 2824 322 2888 culos
334 2823 603 2910 perturbationum
623 2822 720 2886 inivit
733 2823 933 2895 Clarentius,
961 2827 1138 2908 reperitque
1162 2838 1229 2906 per·

190 2957 210 2984 „
230 2909 437 2971 turbationem
450 2905 616 2970 maximam
630 2907 766 2969 Telluris
788 2925 806 2968 a
826 2909 953 2969 Venere
969 2913 1083 2980 ortam,
1099 2903 1157 2968 effe
1177 2903 1228 2965 de·
1324 2932 1329 2950 ·

191 3041 210 3068 „
231 2993 306 3054 bere
319 3017 361 3046 =
377 2987 575 3070 1811,5.sed‚
598 3000 634 3052 ut
649 2987 709 3071 jam
724 2987 810 3061 dixi,
831 2989 1069 3054 observationes
1081 2991 1121 3051 D.
1136 2985 1176 3050 de
1197 2987 1244 3052 la·

192 3125 211 3152 „
233 3072 335 3140 Caille
350 3075 425 3138 huic
438 3071 603 3161 quantitati
617 3073 846 3160 repugnabant,
874 3071 1145 3158 monstrabantque
1161 3089 1227 3137 non

192 3208 211 3236 „
231 3155 376 3242 majorem
390 3159 448 3224 esse
463 3157 571 3246 poffe,
593 3177 685 3242 quam
708 3163 780 3240 15⁰·
795 3177 823 3220 a·
840 3156 927 3244 quod
946 3159 1046 3244 ipsum
1057 3175 1227 3246 ¹nupernus
1282 3201 1284 3206 -

192 3250 211 3318 ,',
231 3244 366 3308 Veneris
387 3257 458 3308 ante
479 3241 586 3306 Solem
607 3239 766 3308 Transltus
779 3243 910 3326 egregie
930 3240 1117 3314 confirmat;
1156 3259 1227 3306 unm

192 3375 212 3404 „
232 3327 266 3393 in
280 3325 343 3390 hoc
357 3327 498 3392 Tranfitu
512 3324 659 3392 diameter
672 3327 807 3393 Veneris
823 3326 857 3392 in
875 3327 950 3392 Sole
970 3327 1142 3424 conspicua
1161 3345 1227 3390 non

192 3461 211 3487 „
230 3407 326 3492 major
337 3411 408 3482 ¹visa
426 3411 468 3474 est
484 3415 556 3490 58“.
571 3411 635 3476 hoc
648 3411 713 3487 est,
741 3412 842 3476 minor
865 3431 910 3473 12.
933 3411 1107 3487 secundis,
1135 3425 1235 3499 quam*

193 3545 220 3572 „,
231 3495 361 3560 Domini
375 3493 526 3558 Clairautii
538 3492 729 3582 suppositum
740 3505 807 3558 erat
823 3543 831 3568 ‚
857 3493 919 3579 jam
931 3495 1081 3580 ponendo
1101 3494 1229 3562 densita·

175 3583 213 3658 '„
232 3591 281 3643 tes
294 3581 451 3644 malletum
463 3597 569 3666 pares,
591 3593 682 3644 erunt
694 3579 791 3646 mnffae
797 3577 830 3642 in
842 3579 962 3644 ratione
969 3579 1082 3645 cubica
1089 3580 1228 3645 diametr.

194 3713 213 3738 „
234 3659 417 3729 &aulones
429 3663 670 3750 perturbatrices
685 3663 798 3728 ceteris
817 3663 960 3749 paribus,
981 3665 1015 3730 in
1033 3663 1173 3728 diametr.
1185 3683 1228 3727 ra·
1256 3660 1257 3664 ’

195 3797 214 3824 „
234 3745 341 3820 tione3
362 3759 594 3834 quapropter,
624 3761 660 3812 ut
682 3753 722 3810 ι’.
749 3749 821 3809 10‘1.
845 3747 860 3828 <
866 3747 1014 3810 diameter
1034 3747 1170 3812 Veneris
1188 3747 1228 3810 as

196 3879 214 3908 „
234 3830 355 3918 sumpta
369 3853 387 3896 a
399 3835 439 3897 D.
454 3831 647 3914 Clairautio)
660 3829 699 3895 ad
721 3830 793 3904 rst‘.
813 3849 841 3912 5.
862 3829 1131 3920 pertubationem
1149 3854 1167 3897 a
1187 3835 1228 3896 D.
1309 3915 1316 3924 ι

671 4062 795 4153 04*
