<?xml version="1.0" encoding="UTF-8"?>
<!DOCTYPE html PUBLIC "-//W3C//DTD XHTML 1.0 Transitional//EN"
    "http://www.w3.org/TR/xhtml1/DTD/xhtml1-transitional.dtd">
<html xmlns="http://www.w3.org/1999/xhtml" xml:lang="en" lang="en">
 <head>
  <title>
</title>
<meta http-equiv="Content-Type" content="text/html;charset=utf-8" />
  <meta name='ocr-system' content='tesseract 3.04.00' />
  <meta name='ocr-capabilities' content='ocr_page ocr_carea ocr_par ocr_line ocrx_word'/>
</head>
<body>
  <div class='ocr_page' id='page_1' title='image "./ephemeridesastr00hellgoog_0462.png"; bbox 0 0 2876 4622; ppageno 0'>
   <div class='ocr_carea' id='block_1_1' title="bbox 660 351 806 422">
    <p class='ocr_par' dir='ltr' id='par_1_1' title="bbox 660 351 806 422">
     <span class='ocr_line' id='line_1_1' title="bbox 660 351 806 422; baseline 0 -17"><span class='ocrx_word' id='word_1_1' title='bbox 660 409 666 418; x_wconf 72' lang='grc'>,</span> <span class='ocrx_word' id='word_1_2' title='bbox 740 351 806 422; x_wconf 70' lang='lat' dir='ltr'>ene</span> 
     </span>
    </p>
   </div>
   <div class='ocr_carea' id='block_1_2' title="bbox 434 509 1028 638">
    <p class='ocr_par' dir='ltr' id='par_1_2' title="bbox 434 509 1028 638">
     <span class='ocr_line' id='line_1_2' title="bbox 434 509 1028 638; baseline 0.007 -4"><span class='ocrx_word' id='word_1_3' title='bbox 434 595 462 608; x_wconf 72' lang='lat'>.,</span> <span class='ocrx_word' id='word_1_4' title='bbox 556 509 1028 638; x_wconf 74' lang='lat' dir='ltr'>nonnosus</span> 
     </span>
    </p>
   </div>
   <div class='ocr_carea' id='block_1_3' title="bbox 272 679 1291 896">
    <p class='ocr_par' dir='ltr' id='par_1_3' title="bbox 272 679 1291 896">
     <span class='ocr_line' id='line_1_3' title="bbox 272 679 1291 812; baseline -0.006 -22"><span class='ocrx_word' id='word_1_5' title='bbox 272 679 530 790; x_wconf 81' lang='lat' dir='ltr'>Determinon&#39;oeis</span> <span class='ocrx_word' id='word_1_6' title='bbox 540 723 712 812; x_wconf 77' lang='lat' dir='ltr'>prestantia</span> <span class='ocrx_word' id='word_1_7' title='bbox 728 724 857 787; x_wconf 78' lang='lat' dir='ltr'>tubornni</span> <span class='ocrx_word' id='word_1_8' title='bbox 867 692 901 790; x_wconf 75' lang='lat' dir='ltr'>in</span> <span class='ocrx_word' id='word_1_9' title='bbox 914 724 987 788; x_wconf 84' lang='lat' dir='ltr'>locis</span> <span class='ocrx_word' id='word_1_10' title='bbox 1002 721 1139 788; x_wconf 76' lang='lat' dir='ltr'><strong><em>nonnullis</em></strong></span> <span class='ocrx_word' id='word_1_11' title='bbox 1162 721 1291 786; x_wconf 75' lang='lat' dir='ltr'>celebrio-</span> 
     </span>
     <span class='ocr_line' id='line_1_4' title="bbox 347 805 1225 896; baseline -0.001 -24"><span class='ocrx_word' id='word_1_12' title='bbox 347 809 426 873; x_wconf 79' lang='lat' dir='ltr'>rilnus</span> <span class='ocrx_word' id='word_1_13' title='bbox 434 829 494 896; x_wconf 81' lang='lat' dir='ltr'>pto</span> <span class='ocrx_word' id='word_1_14' title='bbox 505 807 742 892; x_wconf 62' lang='lat' dir='ltr'>olpervotionibtu</span> <span class='ocrx_word' id='word_1_15' title='bbox 761 805 920 872; x_wconf 73' lang='lat' dir='ltr'>satellitum</span> <span class='ocrx_word' id='word_1_16' title='bbox 928 807 1015 896; x_wconf 79' lang='lat' dir='ltr'>Joais</span> <span class='ocrx_word' id='word_1_17' title='bbox 1025 805 1225 872; x_wconf 61' lang='lat' dir='ltr'>aminoen.</span> 
     </span>
    </p>
   </div>
   <div class='ocr_carea' id='block_1_4' title="bbox 227 971 1294 1978">
    <p class='ocr_par' dir='ltr' id='par_1_4' title="bbox 257 971 1293 1555">
     <span class='ocr_line' id='line_1_5' title="bbox 312 971 1292 1062; baseline -0.003 -23"><span class='ocrx_word' id='word_1_18' title='bbox 312 977 405 1040; x_wconf 85' lang='lat' dir='ltr'>Dum·</span> <span class='ocrx_word' id='word_1_19' title='bbox 412 973 607 1062; x_wconf 71' lang='lat' dir='ltr'>prestantium</span> <span class='ocrx_word' id='word_1_20' title='bbox 623 973 682 1038; x_wconf 82' lang='lat' dir='ltr'>tubi</span> <span class='ocrx_word' id='word_1_21' title='bbox 696 971 785 1048; x_wconf 81' lang='lat' dir='ltr'>dico,</span> <span class='ocrx_word' id='word_1_22' title='bbox 807 971 951 1038; x_wconf 80' lang='lat' dir='ltr'>haurite</span> <span class='ocrx_word' id='word_1_23' title='bbox 968 989 1132 1061; x_wconf 72' lang='lat' dir='ltr'>acceptam</span> <span class='ocrx_word' id='word_1_24' title='bbox 1148 977 1245 1044; x_wconf 73' lang='lat' dir='ltr'>volo.</span> <span class='ocrx_word' id='word_1_25' title='bbox 1256 987 1292 1036; x_wconf 89' lang='lat' dir='ltr'>ut</span> 
     </span>
     <span class='ocr_line' id='line_1_6' title="bbox 257 1053 1291 1208; baseline -0.004 -84"><span class='ocrx_word' id='word_1_26' title='bbox 257 1056 368 1140; x_wconf 63' lang='lat' dir='ltr'>¹etiarn</span> <span class='ocrx_word' id='word_1_27' title='bbox 386 1059 606 1144; x_wconf 82' lang='lat' dir='ltr'>praestantiam</span> <span class='ocrx_word' id='word_1_28' title='bbox 630 1053 716 1122; x_wconf 86' lang='lat' dir='ltr'>oculi</span> <span class='ocrx_word' id='word_1_29' title='bbox 745 1055 946 1122; x_wconf 77' lang='lat' dir='ltr'>observantis</span> <span class='ocrx_word' id='word_1_30' title='bbox 966 1079 1030 1122; x_wconf 87' lang='lat' dir='ltr'>nna</span> <span class='ocrx_word' id='word_1_31' title='bbox 1056 1059 1213 1208; x_wconf 49' lang='lat' dir='ltr'>nelos&amp;</span> <span class='ocrx_word' id='word_1_32' title='bbox 1236 1058 1291 1120; x_wconf 76' lang='lat' dir='ltr'>effe</span> 
     </span>
     <span class='ocr_line' id='line_1_7' title="bbox 271 1139 1293 1228; baseline -0.002 -22"><span class='ocrx_word' id='word_1_33' title='bbox 271 1139 508 1226; x_wconf 79' lang='lat' dir='ltr'>intelligatur,</span> <span class='ocrx_word' id='word_1_34' title='bbox 540 1159 635 1228; x_wconf 87' lang='lat' dir='ltr'>atque</span> <span class='ocrx_word' id='word_1_35' title='bbox 658 1139 738 1203; x_wconf 78' lang='lat' dir='ltr'>adeo</span> <span class='ocrx_word' id='word_1_36' title='bbox 755 1143 959 1225; x_wconf 83' lang='lat' dir='ltr'>complexum</span> <span class='ocrx_word' id='word_1_37' title='bbox 979 1163 996 1203; x_wconf 90' lang='lat' dir='ltr'>e</span> <span class='ocrx_word' id='word_1_38' title='bbox 1018 1143 1110 1215; x_wconf 81' lang='lat' dir='ltr'>tulo,</span> <span class='ocrx_word' id='word_1_39' title='bbox 1214 1139 1293 1204; x_wconf 75' lang='lat' dir='ltr'>eolo</span> 
     </span>
     <span class='ocr_line' id='line_1_8' title="bbox 270 1223 1292 1310; baseline 0 -22"><span class='ocrx_word' id='word_1_40' title='bbox 270 1225 356 1310; x_wconf 85' lang='lat' dir='ltr'>quod</span> <span class='ocrx_word' id='word_1_41' title='bbox 371 1231 576 1310; x_wconf 72' lang='lat' dir='ltr'>conplexum</span> <span class='ocrx_word' id='word_1_42' title='bbox 593 1242 744 1290; x_wconf 80' lang='lat' dir='ltr'>manente</span> <span class='ocrx_word' id='word_1_43' title='bbox 760 1225 872 1288; x_wconf 81' lang='lat' dir='ltr'>eodem</span> <span class='ocrx_word' id='word_1_44' title='bbox 888 1245 1023 1290; x_wconf 78' lang='lat' dir='ltr'>nomem</span> <span class='ocrx_word' id='word_1_45' title='bbox 1043 1225 1148 1300; x_wconf 85' lang='lat' dir='ltr'>tubo,</span> <span class='ocrx_word' id='word_1_46' title='bbox 1176 1223 1292 1288; x_wconf 79' lang='lat' dir='ltr'>sedut-</span> 
     </span>
     <span class='ocr_line' id='line_1_9' title="bbox 270 1305 1292 1394; baseline -0.001 -23"><span class='ocrx_word' id='word_1_47' title='bbox 270 1305 362 1371; x_wconf 84' lang='lat' dir='ltr'>rintis</span> <span class='ocrx_word' id='word_1_48' title='bbox 378 1307 480 1372; x_wconf 86' lang='lat' dir='ltr'>oculis</span> <span class='ocrx_word' id='word_1_49' title='bbox 503 1310 581 1374; x_wconf 91' lang='lat' dir='ltr'>tubo</span> <span class='ocrx_word' id='word_1_50' title='bbox 597 1309 659 1373; x_wconf 88' lang='lat' dir='ltr'>hoc</span> <span class='ocrx_word' id='word_1_51' title='bbox 674 1307 855 1383; x_wconf 80' lang='lat' dir='ltr'>utentibus,</span> <span class='ocrx_word' id='word_1_52' title='bbox 885 1323 922 1370; x_wconf 86' lang='lat' dir='ltr'>ut</span> <span class='ocrx_word' id='word_1_53' title='bbox 947 1309 1043 1394; x_wconf 85' lang='lat' dir='ltr'>supra</span> <span class='ocrx_word' id='word_1_54' title='bbox 1062 1305 1208 1382; x_wconf 78' lang='lat' dir='ltr'>ostendi,</span> <span class='ocrx_word' id='word_1_55' title='bbox 1234 1329 1292 1370; x_wconf 80' lang='lat' dir='ltr'>ut·</span> 
     </span>
     <span class='ocr_line' id='line_1_10' title="bbox 269 1387 1291 1489; baseline 0 -33"><span class='ocrx_word' id='word_1_56' title='bbox 269 1388 353 1456; x_wconf 85' lang='lat' dir='ltr'>rium</span> <span class='ocrx_word' id='word_1_57' title='bbox 372 1397 430 1456; x_wconf 84' lang='lat' dir='ltr'>esse</span> <span class='ocrx_word' id='word_1_58' title='bbox 447 1397 570 1477; x_wconf 85' lang='lat' dir='ltr'>potest,</span> <span class='ocrx_word' id='word_1_59' title='bbox 592 1403 619 1459; x_wconf 72' lang='grc' dir='ltr'>δι</span> <span class='ocrx_word' id='word_1_60' title='bbox 635 1390 750 1468; x_wconf 79' lang='lat' dir='ltr'>debet,</span> <span class='ocrx_word' id='word_1_61' title='bbox 767 1407 864 1489; x_wconf 84' lang='lat' dir='ltr'>atque</span> <span class='ocrx_word' id='word_1_62' title='bbox 883 1387 960 1454; x_wconf 86' lang='lat' dir='ltr'>hinc</span> <span class='ocrx_word' id='word_1_63' title='bbox 977 1391 1201 1479; x_wconf 73' lang='lat' dir='ltr'>consequitur.</span> <span class='ocrx_word' id='word_1_64' title='bbox 1221 1407 1291 1477; x_wconf 70' lang='lat' dir='ltr'>pte·</span> 
     </span>
     <span class='ocr_line' id='line_1_11' title="bbox 259 1469 1290 1555; baseline 0.004 -21"><span class='ocrx_word' id='word_1_65' title='bbox 259 1469 397 1555; x_wconf 71' lang='lat' dir='ltr'>flantium</span> <span class='ocrx_word' id='word_1_66' title='bbox 412 1478 504 1539; x_wconf 74' lang='lat' dir='ltr'>tonna</span> <span class='ocrx_word' id='word_1_67' title='bbox 521 1499 572 1540; x_wconf 87' lang='lat' dir='ltr'>me</span> <span class='ocrx_word' id='word_1_68' title='bbox 588 1477 674 1540; x_wconf 74' lang='lat' dir='ltr'>insta</span> <span class='ocrx_word' id='word_1_69' title='bbox 690 1475 967 1540; x_wconf 82' lang='lat' dir='ltr'>determinandam</span> <span class='ocrx_word' id='word_1_70' title='bbox 991 1495 1059 1542; x_wconf 84' lang='lat' dir='ltr'>noa</span> <span class='ocrx_word' id='word_1_71' title='bbox 1080 1479 1141 1540; x_wconf 79' lang='lat' dir='ltr'>effe</span> <span class='ocrx_word' id='word_1_72' title='bbox 1164 1475 1290 1540; x_wconf 85' lang='lat' dir='ltr'>absolu·</span> 
     </span>
    </p>

    <p class='ocr_par' dir='ltr' id='par_1_5' title="bbox 227 1553 1294 1978">
     <span class='ocr_line' id='line_1_12' title="bbox 227 1553 1291 1646; baseline 0.001 -26"><span class='ocrx_word' id='word_1_73' title='bbox 227 1578 228 1581; x_wconf 45' lang='lat'>¹</span> <span class='ocrx_word' id='word_1_74' title='bbox 270 1571 357 1642; x_wconf 78' lang='lat' dir='ltr'>tatu,</span> <span class='ocrx_word' id='word_1_75' title='bbox 371 1553 441 1623; x_wconf 75' lang='lat' dir='ltr'>&#39;sed</span> <span class='ocrx_word' id='word_1_76' title='bbox 466 1559 675 1646; x_wconf 61' lang='lat' dir='ltr'>respectivam</span> <span class='ocrx_word' id='word_1_77' title='bbox 698 1574 850 1631; x_wconf 83' lang='lat' dir='ltr'>tantum,</span> <span class='ocrx_word' id='word_1_78' title='bbox 891 1558 1034 1644; x_wconf 68' lang='lat' dir='ltr'>respestu</span> <span class='ocrx_word' id='word_1_79' title='bbox 1070 1581 1188 1643; x_wconf 81' lang='lat' dir='ltr'>nempe</span> <span class='ocrx_word' id='word_1_80' title='bbox 1216 1559 1291 1622; x_wconf 80' lang='lat' dir='ltr'>dno·</span> 
     </span>
     <span class='ocr_line' id='line_1_13' title="bbox 267 1639 1290 1727; baseline 0.002 -23"><span class='ocrx_word' id='word_1_81' title='bbox 267 1661 341 1704; x_wconf 84' lang='lat' dir='ltr'>rom</span> <span class='ocrx_word' id='word_1_82' title='bbox 357 1641 624 1718; x_wconf 82' lang='lat' dir='ltr'>observatorum,</span> <span class='ocrx_word' id='word_1_83' title='bbox 646 1662 879 1727; x_wconf 79' lang='lat' dir='ltr'>quorumunus</span> <span class='ocrx_word' id='word_1_84' title='bbox 896 1639 932 1704; x_wconf 87' lang='lat' dir='ltr'>in</span> <span class='ocrx_word' id='word_1_85' title='bbox 947 1663 1032 1716; x_wconf 82' lang='lat' dir='ltr'>uuo,</span> <span class='ocrx_word' id='word_1_86' title='bbox 1053 1643 1138 1706; x_wconf 83' lang='lat' dir='ltr'>alter</span> <span class='ocrx_word' id='word_1_87' title='bbox 1160 1642 1197 1706; x_wconf 86' lang='lat' dir='ltr'>in</span> <span class='ocrx_word' id='word_1_88' title='bbox 1223 1639 1290 1706; x_wconf 82' lang='lat' dir='ltr'>elio</span> 
     </span>
     <span class='ocr_line' id='line_1_14' title="bbox 232 1721 1294 1812; baseline 0.004 -26"><span class='ocrx_word' id='word_1_89' title='bbox 232 1737 233 1740; x_wconf 75' lang='grc'>’</span> <span class='ocrx_word' id='word_1_90' title='bbox 267 1721 370 1790; x_wconf 72' lang='lat' dir='ltr'>diffluo</span> <span class='ocrx_word' id='word_1_91' title='bbox 392 1729 464 1792; x_wconf 88' lang='lat' dir='ltr'>loco</span> <span class='ocrx_word' id='word_1_92' title='bbox 482 1725 730 1792; x_wconf 82' lang='lat' dir='ltr'>observationes</span> <span class='ocrx_word' id='word_1_93' title='bbox 750 1725 899 1812; x_wconf 85' lang='lat' dir='ltr'>peregit,</span> <span class='ocrx_word' id='word_1_94' title='bbox 928 1727 1015 1810; x_wconf 82' lang='lat' dir='ltr'>quod</span> <span class='ocrx_word' id='word_1_95' title='bbox 1034 1728 1145 1808; x_wconf 84' lang='lat' dir='ltr'>fiergo</span> <span class='ocrx_word' id='word_1_96' title='bbox 1159 1742 1294 1790; x_wconf 80' lang='lat' dir='ltr'>manen·</span> 
     </span>
     <span class='ocr_line' id='line_1_15' title="bbox 266 1805 1291 1884; baseline 0.004 -16"><span class='ocrx_word' id='word_1_97' title='bbox 266 1805 350 1870; x_wconf 76' lang='lat' dir='ltr'>tibus</span> <span class='ocrx_word' id='word_1_98' title='bbox 367 1807 480 1878; x_wconf 74' lang='lat' dir='ltr'>iisdem</span> <span class='ocrx_word' id='word_1_99' title='bbox 499 1810 608 1884; x_wconf 83' lang='lat' dir='ltr'>tubis,</span> <span class='ocrx_word' id='word_1_100' title='bbox 629 1812 685 1872; x_wconf 89' lang='lat' dir='ltr'>vel</span> <span class='ocrx_word' id='word_1_101' title='bbox 701 1829 781 1872; x_wconf 82' lang='lat' dir='ltr'>unns</span> <span class='ocrx_word' id='word_1_102' title='bbox 799 1812 915 1876; x_wconf 83' lang='lat' dir='ltr'>horum</span> <span class='ocrx_word' id='word_1_103' title='bbox 930 1807 1175 1874; x_wconf 75' lang='lat' dir='ltr'>observatorum</span> <span class='ocrx_word' id='word_1_104' title='bbox 1190 1823 1291 1874; x_wconf 87' lang='lat' dir='ltr'>mute·</span> 
     </span>
     <span class='ocr_line' id='line_1_16' title="bbox 266 1891 1291 1978; baseline 0.004 -26"><span class='ocrx_word' id='word_1_105' title='bbox 266 1907 320 1953; x_wconf 84' lang='lat' dir='ltr'>tur</span> <span class='ocrx_word' id='word_1_106' title='bbox 335 1891 417 1972; x_wconf 81' lang='lat' dir='ltr'>(uisi</span> <span class='ocrx_word' id='word_1_107' title='bbox 438 1898 513 1972; x_wconf 81' lang='lat' dir='ltr'>casu</span> <span class='ocrx_word' id='word_1_108' title='bbox 535 1893 618 1958; x_wconf 77' lang='lat' dir='ltr'>acies</span> <span class='ocrx_word' id='word_1_109' title='bbox 637 1897 805 1956; x_wconf 86' lang='lat' dir='ltr'>oculorum</span> <span class='ocrx_word' id='word_1_110' title='bbox 830 1891 910 1958; x_wconf 85' lang='lat' dir='ltr'>novi</span> <span class='ocrx_word' id='word_1_111' title='bbox 933 1891 1149 1958; x_wconf 73' lang='lat' dir='ltr'>observatoris</span> <span class='ocrx_word' id='word_1_112' title='bbox 1169 1913 1227 1978; x_wconf 87' lang='lat' dir='ltr'>par</span> <span class='ocrx_word' id='word_1_113' title='bbox 1248 1896 1291 1956; x_wconf 84' lang='lat' dir='ltr'>fit</span> 
     </span>
    </p>
   </div>
   <div class='ocr_carea' id='block_1_5' title="bbox 266 1973 1408 2060">
    <p class='ocr_par' dir='ltr' id='par_1_6' title="bbox 266 1973 1408 2060">
     <span class='ocr_line' id='line_1_17' title="bbox 266 1973 1408 2060; baseline 0.006 -25"><span class='ocrx_word' id='word_1_114' title='bbox 266 1973 480 2058; x_wconf 79' lang='lat' dir='ltr'>antiquioris)</span> <span class='ocrx_word' id='word_1_115' title='bbox 495 1981 615 2040; x_wconf 79' lang='lat' dir='ltr'>necesse</span> <span class='ocrx_word' id='word_1_116' title='bbox 630 1975 691 2050; x_wconf 82' lang='lat' dir='ltr'>est,</span> <span class='ocrx_word' id='word_1_117' title='bbox 712 1987 749 2042; x_wconf 87' lang='lat' dir='ltr'>u&#39;t</span> <span class='ocrx_word' id='word_1_118' title='bbox 763 1976 947 2060; x_wconf 71' lang='lat' dir='ltr'>praestantia</span> <span class='ocrx_word' id='word_1_119' title='bbox 963 1974 1034 2040; x_wconf 89' lang='lat' dir='ltr'>tubi</span> <span class='ocrx_word' id='word_1_120' title='bbox 1046 1978 1107 2040; x_wconf 86' lang='lat' dir='ltr'>hac</span> <span class='ocrx_word' id='word_1_121' title='bbox 1128 1999 1199 2042; x_wconf 80' lang='lat' dir='ltr'>mea</span> <span class='ocrx_word' id='word_1_122' title='bbox 1220 1997 1288 2040; x_wconf 85' lang='lat' dir='ltr'>me·</span> <span class='ocrx_word' id='word_1_123' title='bbox 1407 2029 1408 2042; x_wconf 41' lang='grc' dir='ltr'><strong>ι</strong></span> 
     </span>
    </p>
   </div>
   <div class='ocr_carea' id='block_1_6' title="bbox 209 2057 1301 3722">
    <p class='ocr_par' dir='ltr' id='par_1_7' title="bbox 265 2057 1291 2145">
     <span class='ocr_line' id='line_1_18' title="bbox 265 2057 1291 2145; baseline 0.008 -27"><span class='ocrx_word' id='word_1_124' title='bbox 265 2057 365 2119; x_wconf 89' lang='lat' dir='ltr'>thodo</span> <span class='ocrx_word' id='word_1_125' title='bbox 391 2059 607 2124; x_wconf 80' lang='lat' dir='ltr'>determinata</span> <span class='ocrx_word' id='word_1_126' title='bbox 629 2075 771 2123; x_wconf 79' lang='lat' dir='ltr'>mutetur</span> <span class='ocrx_word' id='word_1_127' title='bbox 794 2081 929 2145; x_wconf 84' lang='lat' dir='ltr'>quoque.</span> <span class='ocrx_word' id='word_1_128' title='bbox 984 2066 1193 2144; x_wconf 75' lang='lat' dir='ltr'>Quapropter</span> <span class='ocrx_word' id='word_1_129' title='bbox 1211 2079 1291 2144; x_wconf 82' lang='lat' dir='ltr'>quo·</span> 
     </span>
    </p>

    <p class='ocr_par' dir='ltr' id='par_1_8' title="bbox 223 2137 1292 2314">
     <span class='ocr_line' id='line_1_19' title="bbox 264 2137 1290 2218; baseline 0.007 -15"><span class='ocrx_word' id='word_1_130' title='bbox 264 2137 395 2206; x_wconf 86' lang='lat' dir='ltr'>tiescum</span> <span class='ocrx_word' id='word_1_131' title='bbox 420 2163 458 2205; x_wconf 87' lang='lat' dir='ltr'>ue</span> <span class='ocrx_word' id='word_1_132' title='bbox 474 2142 510 2207; x_wconf 85' lang='lat' dir='ltr'>in</span> <span class='ocrx_word' id='word_1_133' title='bbox 523 2164 588 2207; x_wconf 87' lang='lat' dir='ltr'>uno</span> <span class='ocrx_word' id='word_1_134' title='bbox 605 2146 679 2207; x_wconf 84' lang='lat' dir='ltr'>loto</span> <span class='ocrx_word' id='word_1_135' title='bbox 698 2147 755 2206; x_wconf 87' lang='lat' dir='ltr'>vel</span> <span class='ocrx_word' id='word_1_136' title='bbox 772 2146 980 2218; x_wconf 86' lang='lat' dir='ltr'>observator,</span> <span class='ocrx_word' id='word_1_137' title='bbox 1001 2147 1058 2207; x_wconf 85' lang='lat' dir='ltr'>vel</span> <span class='ocrx_word' id='word_1_138' title='bbox 1072 2144 1170 2208; x_wconf 83' lang='lat' dir='ltr'>tubus</span> <span class='ocrx_word' id='word_1_139' title='bbox 1183 2158 1290 2210; x_wconf 84' lang='lat' dir='ltr'>muta·</span> 
     </span>
     <span class='ocr_line' id='line_1_20' title="bbox 223 2221 1292 2314; baseline 0.007 -30"><span class='ocrx_word' id='word_1_140' title='bbox 223 2254 224 2257; x_wconf 19' lang='grc' dir='ltr'><strong>ι</strong></span> <span class='ocrx_word' id='word_1_141' title='bbox 264 2237 334 2297; x_wconf 86' lang='lat' dir='ltr'>tur,</span> <span class='ocrx_word' id='word_1_142' title='bbox 359 2246 375 2287; x_wconf 91' lang='lat' dir='ltr'>e</span> <span class='ocrx_word' id='word_1_143' title='bbox 400 2229 484 2289; x_wconf 74' lang='lat' dir='ltr'>eetns</span> <span class='ocrx_word' id='word_1_144' title='bbox 497 2221 735 2310; x_wconf 73' lang='lat' dir='ltr'>prostrationis</span> <span class='ocrx_word' id='word_1_145' title='bbox 750 2227 789 2290; x_wconf 83' lang='lat' dir='ltr'>de</span> <span class='ocrx_word' id='word_1_146' title='bbox 802 2249 890 2292; x_wconf 88' lang='lat' dir='ltr'>novo</span> <span class='ocrx_word' id='word_1_147' title='bbox 907 2251 967 2314; x_wconf 87' lang='lat' dir='ltr'>per</span> <span class='ocrx_word' id='word_1_148' title='bbox 980 2227 1292 2293; x_wconf 83' lang='lat' dir='ltr'>metm-methodum</span> 
     </span>
    </p>

    <p class='ocr_par' dir='ltr' id='par_1_9' title="bbox 209 2304 1301 3722">
     <span class='ocr_line' id='line_1_21' title="bbox 262 2304 590 2373; baseline 0.018 -6"><span class='ocrx_word' id='word_1_149' title='bbox 262 2304 473 2370; x_wconf 84' lang='lat' dir='ltr'>determinari</span> <span class='ocrx_word' id='word_1_150' title='bbox 485 2307 590 2373; x_wconf 73' lang='lat' dir='ltr'>debet.</span> 
     </span>
     <span class='ocr_line' id='line_1_22' title="bbox 213 2387 1292 2486; baseline 0.006 -33"><span class='ocrx_word' id='word_1_151' title='bbox 213 2426 215 2431; x_wconf 67' lang='lat'>,</span> <span class='ocrx_word' id='word_1_152' title='bbox 303 2387 386 2454; x_wconf 79' lang='lat' dir='ltr'>Dixi</span> <span class='ocrx_word' id='word_1_153' title='bbox 403 2393 499 2486; x_wconf 82' lang='lat' dir='ltr'>supra</span> <span class='ocrx_word' id='word_1_154' title='bbox 510 2391 702 2475; x_wconf 74' lang='lat' dir='ltr'>prestantium</span> <span class='ocrx_word' id='word_1_155' title='bbox 727 2393 813 2465; x_wconf 78' lang='lat' dir='ltr'>tubi,</span> <span class='ocrx_word' id='word_1_156' title='bbox 844 2398 903 2458; x_wconf 83' lang='lat' dir='ltr'>esse</span> <span class='ocrx_word' id='word_1_157' title='bbox 921 2391 1071 2460; x_wconf 84' lang='lat' dir='ltr'>semissem</span> <span class='ocrx_word' id='word_1_158' title='bbox 1094 2391 1292 2460; x_wconf 76' lang='lat' dir='ltr'>diffareatio</span> 
     </span>
     <span class='ocr_line' id='line_1_23' title="bbox 263 2471 1291 2563; baseline 0.009 -29"><span class='ocrx_word' id='word_1_159' title='bbox 263 2471 398 2536; x_wconf 84' lang='lat' dir='ltr'>duarum</span> <span class='ocrx_word' id='word_1_160' title='bbox 412 2475 671 2540; x_wconf 80' lang='lat' dir='ltr'>differentiarum</span> <span class='ocrx_word' id='word_1_161' title='bbox 688 2475 974 2551; x_wconf 82' lang='lat' dir='ltr'>Meridituorutu‚</span> <span class='ocrx_word' id='word_1_162' title='bbox 997 2497 1135 2563; x_wconf 80' lang='lat' dir='ltr'>quarum</span> <span class='ocrx_word' id='word_1_163' title='bbox 1149 2497 1218 2544; x_wconf 81' lang='lat' dir='ltr'>‚una</span> <span class='ocrx_word' id='word_1_164' title='bbox 1234 2479 1291 2542; x_wconf 86' lang='lat' dir='ltr'>de·</span> 
     </span>
     <span class='ocr_line' id='line_1_24' title="bbox 212 2552 1293 2643; baseline 0.008 -26"><span class='ocrx_word' id='word_1_165' title='bbox 212 2564 214 2575; x_wconf 71' lang='lat'><strong>¹</strong></span> <span class='ocrx_word' id='word_1_166' title='bbox 260 2552 389 2620; x_wconf 87' lang='lat' dir='ltr'>ducitur</span> <span class='ocrx_word' id='word_1_167' title='bbox 414 2581 432 2621; x_wconf 85' lang='lat' dir='ltr'>e</span> <span class='ocrx_word' id='word_1_168' title='bbox 452 2557 527 2640; x_wconf 75' lang='lat' dir='ltr'>fiolis</span> <span class='ocrx_word' id='word_1_169' title='bbox 546 2557 785 2636; x_wconf 61' lang='lat' dir='ltr'>lanternarum,</span> <span class='ocrx_word' id='word_1_170' title='bbox 822 2565 926 2627; x_wconf 85' lang='lat' dir='ltr'>altera</span> <span class='ocrx_word' id='word_1_171' title='bbox 956 2583 973 2622; x_wconf 91' lang='lat' dir='ltr'>e</span> <span class='ocrx_word' id='word_1_172' title='bbox 998 2561 1076 2643; x_wconf 81' lang='lat' dir='ltr'>solt&#39;s</span> <span class='ocrx_word' id='word_1_173' title='bbox 1111 2557 1293 2640; x_wconf 62' lang='lat' dir='ltr'>Eirinon-</span> 
     </span>
     <span class='ocr_line' id='line_1_25' title="bbox 260 2637 1295 2730; baseline 0.009 -29"><span class='ocrx_word' id='word_1_174' title='bbox 260 2637 310 2702; x_wconf 84' lang='lat' dir='ltr'>bus</span> <span class='ocrx_word' id='word_1_175' title='bbox 329 2639 620 2722; x_wconf 77' lang='lat' dir='ltr'>satellitumJovis</span> <span class='ocrx_word' id='word_1_176' title='bbox 635 2647 662 2710; x_wconf 88' lang='lat'>1.</span> <span class='ocrx_word' id='word_1_177' title='bbox 678 2649 765 2710; x_wconf 80' lang='lat' dir='ltr'>&amp;IL</span> <span class='ocrx_word' id='word_1_178' title='bbox 815 2647 926 2728; x_wconf 84' lang='lat' dir='ltr'>Atque</span> <span class='ocrx_word' id='word_1_179' title='bbox 948 2665 1006 2730; x_wconf 87' lang='lat' dir='ltr'>per</span> <span class='ocrx_word' id='word_1_180' title='bbox 1030 2645 1117 2712; x_wconf 80' lang='lat' dir='ltr'>hanc</span> <span class='ocrx_word' id='word_1_181' title='bbox 1135 2646 1295 2727; x_wconf 78' lang='lat' dir='ltr'>regulam</span> 
     </span>
     <span class='ocr_line' id='line_1_26' title="bbox 209 2724 1294 2812; baseline 0 -21"><span class='ocrx_word' id='word_1_182' title='bbox 209 2750 214 2791; x_wconf 66' lang='lat' dir='ltr'>f</span> <span class='ocrx_word' id='word_1_183' title='bbox 258 2724 427 2808; x_wconf 83' lang='lat' dir='ltr'>sequentes</span> <span class='ocrx_word' id='word_1_184' title='bbox 445 2725 624 2791; x_wconf 85' lang='lat' dir='ltr'>determino</span> <span class='ocrx_word' id='word_1_185' title='bbox 635 2725 813 2812; x_wconf 61' lang='lat' dir='ltr'>praestantius</span> <span class='ocrx_word' id='word_1_186' title='bbox 831 2727 961 2792; x_wconf 80' lang='lat' dir='ltr'>tuborum</span> <span class='ocrx_word' id='word_1_187' title='bbox 984 2750 1027 2792; x_wconf 85' lang='lat' dir='ltr'>ex</span> <span class='ocrx_word' id='word_1_188' title='bbox 1048 2724 1294 2794; x_wconf 82' lang='lat' dir='ltr'>observationi-</span> 
     </span>
     <span class='ocr_line' id='line_1_27' title="bbox 257 2805 1294 2896; baseline 0.008 -28"><span class='ocrx_word' id='word_1_189' title='bbox 257 2805 317 2868; x_wconf 87' lang='lat' dir='ltr'>bus</span> <span class='ocrx_word' id='word_1_190' title='bbox 342 2829 467 2872; x_wconf 87' lang='lat' dir='ltr'>mecum</span> <span class='ocrx_word' id='word_1_191' title='bbox 500 2809 741 2876; x_wconf 82' lang='lat' dir='ltr'>communicatis</span> <span class='ocrx_word' id='word_1_192' title='bbox 766 2812 861 2896; x_wconf 89' lang='lat' dir='ltr'>supra</span> <span class='ocrx_word' id='word_1_193' title='bbox 889 2810 1060 2877; x_wconf 71' lang='lat' dir='ltr'>recensitio.</span> <span class='ocrx_word' id='word_1_194' title='bbox 1113 2808 1294 2876; x_wconf 72' lang='lat' dir='ltr'>Notandum</span> 
     </span>
     <span class='ocr_line' id='line_1_28' title="bbox 258 2889 1295 2979; baseline 0.008 -29"><span class='ocrx_word' id='word_1_195' title='bbox 258 2911 365 2953; x_wconf 82' lang='lat' dir='ltr'>autent</span> <span class='ocrx_word' id='word_1_196' title='bbox 377 2897 400 2956; x_wconf 88' lang='lat' dir='ltr'>l.</span> <span class='ocrx_word' id='word_1_197' title='bbox 415 2891 528 2972; x_wconf 85' lang='lat' dir='ltr'>velim,</span> <span class='ocrx_word' id='word_1_198' title='bbox 539 2897 728 2978; x_wconf 58' lang='lat' dir='ltr'>proeliantium</span> <span class='ocrx_word' id='word_1_199' title='bbox 741 2889 810 2957; x_wconf 75' lang='lat' dir='ltr'>loe</span> <span class='ocrx_word' id='word_1_200' title='bbox 824 2896 866 2956; x_wconf 81' lang='lat' dir='ltr'>tul</span> <span class='ocrx_word' id='word_1_201' title='bbox 872 2895 885 2958; x_wconf 94' lang='lat' dir='ltr'>i</span> <span class='ocrx_word' id='word_1_202' title='bbox 902 2910 1031 2960; x_wconf 83' lang='lat' dir='ltr'>tantum</span> <span class='ocrx_word' id='word_1_203' title='bbox 1055 2893 1209 2979; x_wconf 85' lang='lat' dir='ltr'>respicere</span> <span class='ocrx_word' id='word_1_204' title='bbox 1230 2896 1295 2958; x_wconf 87' lang='lat' dir='ltr'>ob·</span> 
     </span>
     <span class='ocr_line' id='line_1_29' title="bbox 256 2973 1294 3064; baseline 0.008 -30"><span class='ocrx_word' id='word_1_205' title='bbox 256 2973 458 3041; x_wconf 79' lang='lat' dir='ltr'>servationes</span> <span class='ocrx_word' id='word_1_206' title='bbox 477 2981 504 3041; x_wconf 94' lang='lat' dir='ltr'>I.</span> <span class='ocrx_word' id='word_1_207' title='bbox 526 2981 609 3044; x_wconf 77' lang='lat' dir='ltr'>un.</span> <span class='ocrx_word' id='word_1_208' title='bbox 627 2975 785 3042; x_wconf 84' lang='lat' dir='ltr'>Satellitis</span> <span class='ocrx_word' id='word_1_209' title='bbox 802 2977 919 3064; x_wconf 83' lang='lat' dir='ltr'>Jovis,</span> <span class='ocrx_word' id='word_1_210' title='bbox 950 2988 980 3046; x_wconf 72' lang='grc' dir='ltr'>δι</span> <span class='ocrx_word' id='word_1_211' title='bbox 1003 2997 1205 3064; x_wconf 77' lang='lat' dir='ltr'>nequaquam</span> <span class='ocrx_word' id='word_1_212' title='bbox 1227 2979 1294 3042; x_wconf 86' lang='lat' dir='ltr'>ob-</span> 
     </span>
     <span class='ocr_line' id='line_1_30' title="bbox 256 3057 1298 3146; baseline 0.006 -26"><span class='ocrx_word' id='word_1_213' title='bbox 256 3057 454 3123; x_wconf 82' lang='lat' dir='ltr'>servationes</span> <span class='ocrx_word' id='word_1_214' title='bbox 468 3060 645 3144; x_wconf 79' lang='lat' dir='ltr'>Eclipsium</span> <span class='ocrx_word' id='word_1_215' title='bbox 658 3065 777 3135; x_wconf 79' lang='lat' dir='ltr'>Lunae,</span> <span class='ocrx_word' id='word_1_216' title='bbox 799 3065 856 3126; x_wconf 83' lang='lat' dir='ltr'>vel</span> <span class='ocrx_word' id='word_1_217' title='bbox 876 3059 961 3128; x_wconf 83' lang='lat' dir='ltr'>Solis</span> <span class='ocrx_word' id='word_1_218' title='bbox 975 3071 1032 3132; x_wconf 68' lang='lat' dir='ltr'>&amp;a</span> <span class='ocrx_word' id='word_1_219' title='bbox 1044 3083 1119 3128; x_wconf 84' lang='lat' dir='ltr'>nam</span> <span class='ocrx_word' id='word_1_220' title='bbox 1130 3063 1298 3146; x_wconf 80' lang='lat' dir='ltr'>quemad-</span> 
     </span>
     <span class='ocr_line' id='line_1_31' title="bbox 256 3141 1298 3212; baseline 0.01 -12"><span class='ocrx_word' id='word_1_221' title='bbox 256 3141 385 3205; x_wconf 87' lang='lat' dir='ltr'>modum</span> <span class='ocrx_word' id='word_1_222' title='bbox 400 3142 452 3206; x_wconf 89' lang='lat' dir='ltr'>hic</span> <span class='ocrx_word' id='word_1_223' title='bbox 474 3145 603 3208; x_wconf 47' lang='lat' dir='ltr'>effertus</span> <span class='ocrx_word' id='word_1_224' title='bbox 629 3167 646 3208; x_wconf 93' lang='lat' dir='ltr'>e</span> <span class='ocrx_word' id='word_1_225' title='bbox 668 3144 742 3206; x_wconf 88' lang='lat' dir='ltr'>solis</span> <span class='ocrx_word' id='word_1_226' title='bbox 766 3149 790 3211; x_wconf 91' lang='lat'>1.</span> <span class='ocrx_word' id='word_1_227' title='bbox 808 3153 836 3211; x_wconf 70' lang='grc' dir='ltr'>δι</span> <span class='ocrx_word' id='word_1_228' title='bbox 858 3149 898 3212; x_wconf 86' lang='grc' dir='ltr'>ΙΙ.</span> <span class='ocrx_word' id='word_1_229' title='bbox 915 3143 1298 3210; x_wconf 75' lang='lat' dir='ltr'>Satellitisobletvatio·</span> 
     </span>
     <span class='ocr_line' id='line_1_32' title="bbox 256 3219 1300 3326; baseline 0.011 -44"><span class='ocrx_word' id='word_1_230' title='bbox 256 3219 351 3287; x_wconf 90' lang='lat' dir='ltr'>nibus</span> <span class='ocrx_word' id='word_1_231' title='bbox 367 3224 611 3308; x_wconf 81' lang='lat' dir='ltr'>deducitur‚ita</span> <span class='ocrx_word' id='word_1_232' title='bbox 624 3229 680 3292; x_wconf 82' lang='lat' dir='ltr'>has</span> <span class='ocrx_word' id='word_1_233' title='bbox 698 3228 781 3292; x_wconf 82' lang='lat' dir='ltr'>solas</span> <span class='ocrx_word' id='word_1_234' title='bbox 793 3227 923 3316; x_wconf 87' lang='lat' dir='ltr'>respicit</span> <span class='ocrx_word' id='word_1_235' title='bbox 937 3231 1034 3296; x_wconf 84' lang='lat' dir='ltr'>etiam</span> <span class='ocrx_word' id='word_1_236' title='bbox 1054 3231 1120 3296; x_wconf 72' lang='lat' dir='ltr'>hec</span> <span class='ocrx_word' id='word_1_237' title='bbox 1139 3228 1300 3326; x_wconf 76' lang='lat' dir='ltr'>particu-</span> 
     </span>
     <span class='ocr_line' id='line_1_33' title="bbox 254 3305 1300 3408; baseline 0.011 -41"><span class='ocrx_word' id='word_1_238' title='bbox 254 3305 331 3370; x_wconf 86' lang='lat' dir='ltr'>laris</span> <span class='ocrx_word' id='word_1_239' title='bbox 348 3307 575 3374; x_wconf 84' lang='lat' dir='ltr'>determinatio</span> <span class='ocrx_word' id='word_1_240' title='bbox 591 3309 779 3408; x_wconf 70' lang='lat' dir='ltr'>prestantia</span> <span class='ocrx_word' id='word_1_241' title='bbox 795 3313 884 3385; x_wconf 84' lang='lat' dir='ltr'>tubi,</span> <span class='ocrx_word' id='word_1_242' title='bbox 906 3311 972 3376; x_wconf 85' lang='lat' dir='ltr'>alia</span> <span class='ocrx_word' id='word_1_243' title='bbox 985 3311 1072 3390; x_wconf 80' lang='lat' dir='ltr'>enim</span> <span class='ocrx_word' id='word_1_244' title='bbox 1084 3317 1127 3378; x_wconf 86' lang='lat' dir='ltr'>est</span> <span class='ocrx_word' id='word_1_245' title='bbox 1141 3336 1174 3376; x_wconf 85' lang='grc' dir='ltr'>ιιι</span> <span class='ocrx_word' id='word_1_246' title='bbox 1189 3313 1300 3378; x_wconf 81' lang='lat' dir='ltr'>Ecli·</span> 
     </span>
     <span class='ocr_line' id='line_1_34' title="bbox 253 3389 1301 3478; baseline 0.01 -27"><span class='ocrx_word' id='word_1_247' title='bbox 253 3389 359 3472; x_wconf 86' lang='lat' dir='ltr'>pfibus</span> <span class='ocrx_word' id='word_1_248' title='bbox 373 3395 496 3466; x_wconf 73' lang='lat' dir='ltr'>Luae,</span> <span class='ocrx_word' id='word_1_249' title='bbox 519 3390 584 3456; x_wconf 82' lang='lat' dir='ltr'>alit</span> <span class='ocrx_word' id='word_1_250' title='bbox 597 3417 633 3460; x_wconf 84' lang='lat' dir='ltr'>nr</span> <span class='ocrx_word' id='word_1_251' title='bbox 647 3393 827 3478; x_wconf 83' lang='lat' dir='ltr'>Eclipsibus</span> <span class='ocrx_word' id='word_1_252' title='bbox 840 3395 942 3469; x_wconf 87' lang='lat' dir='ltr'>Solis,</span> <span class='ocrx_word' id='word_1_253' title='bbox 973 3395 1038 3461; x_wconf 85' lang='lat' dir='ltr'>alia</span> <span class='ocrx_word' id='word_1_254' title='bbox 1065 3395 1099 3461; x_wconf 89' lang='lat' dir='ltr'>in</span> <span class='ocrx_word' id='word_1_255' title='bbox 1124 3396 1301 3466; x_wconf 79' lang='lat' dir='ltr'>Transrtu</span> 
     </span>
     <span class='ocr_line' id='line_1_35' title="bbox 253 3473 1301 3560; baseline 0.008 -22"><span class='ocrx_word' id='word_1_256' title='bbox 253 3473 414 3550; x_wconf 81' lang='lat' dir='ltr'>Veneris,</span> <span class='ocrx_word' id='word_1_257' title='bbox 436 3492 494 3540; x_wconf 78' lang='lat' dir='ltr'>tut</span> <span class='ocrx_word' id='word_1_258' title='bbox 506 3473 667 3544; x_wconf 85' lang='lat' dir='ltr'>Mercurii</span> <span class='ocrx_word' id='word_1_259' title='bbox 679 3499 737 3560; x_wconf 89' lang='lat' dir='ltr'>per</span> <span class='ocrx_word' id='word_1_260' title='bbox 753 3477 873 3544; x_wconf 84' lang='lat' dir='ltr'>discum</span> <span class='ocrx_word' id='word_1_261' title='bbox 887 3478 987 3554; x_wconf 81' lang='lat' dir='ltr'>Solis,</span> <span class='ocrx_word' id='word_1_262' title='bbox 1012 3473 1047 3542; x_wconf 80' lang='lat' dir='ltr'>u&#39;t</span> <span class='ocrx_word' id='word_1_263' title='bbox 1063 3477 1149 3544; x_wconf 88' lang='lat' dir='ltr'>infra</span> <span class='ocrx_word' id='word_1_264' title='bbox 1162 3479 1301 3550; x_wconf 86' lang='lat' dir='ltr'>dicam.</span> 
     </span>
     <span class='ocr_line' id='line_1_36' title="bbox 251 3555 1301 3654; baseline 0.011 -36"><span class='ocrx_word' id='word_1_265' title='bbox 251 3555 347 3619; x_wconf 83' lang='lat' dir='ltr'>Haud</span> <span class='ocrx_word' id='word_1_266' title='bbox 365 3561 448 3623; x_wconf 74' lang='lat' dir='ltr'>reete</span> <span class='ocrx_word' id='word_1_267' title='bbox 466 3556 575 3654; x_wconf 84' lang='lat' dir='ltr'>itaque</span> <span class='ocrx_word' id='word_1_268' title='bbox 590 3560 750 3646; x_wconf 86' lang='lat' dir='ltr'>quispiam</span> <span class='ocrx_word' id='word_1_269' title='bbox 774 3561 952 3650; x_wconf 79' lang='lat' dir='ltr'>applicaret</span> <span class='ocrx_word' id='word_1_270' title='bbox 973 3562 1188 3648; x_wconf 78' lang='lat' dir='ltr'>praestantiam</span> <span class='ocrx_word' id='word_1_271' title='bbox 1206 3563 1301 3630; x_wconf 82' lang='lat' dir='ltr'>&#39;tubi</span> 
     </span>
     <span class='ocr_line' id='line_1_37' title="bbox 250 3637 1299 3722; baseline 0.011 -20"><span class='ocrx_word' id='word_1_272' title='bbox 250 3659 292 3704; x_wconf 85' lang='lat' dir='ltr'>ex</span> <span class='ocrx_word' id='word_1_273' title='bbox 307 3637 588 3708; x_wconf 83' lang='lat' dir='ltr'>observationibus</span> <span class='ocrx_word' id='word_1_274' title='bbox 601 3643 759 3709; x_wconf 80' lang='lat' dir='ltr'>satellitis</span> <span class='ocrx_word' id='word_1_275' title='bbox 774 3647 802 3708; x_wconf 93' lang='lat'>1.</span> <span class='ocrx_word' id='word_1_276' title='bbox 820 3649 902 3712; x_wconf 79' lang='lat' dir='ltr'>&amp;IL</span> <span class='ocrx_word' id='word_1_277' title='bbox 922 3643 1172 3710; x_wconf 86' lang='lat' dir='ltr'>determinatam</span> <span class='ocrx_word' id='word_1_278' title='bbox 1192 3692 1204 3722; x_wconf 89' lang='lat'>‚</span> <span class='ocrx_word' id='word_1_279' title='bbox 1238 3650 1299 3714; x_wconf 79' lang='lat' dir='ltr'>ad</span> 
     </span>
    </p>
   </div>
   <div class='ocr_carea' id='block_1_7' title="bbox 185 3719 1298 3880">
    <p class='ocr_par' dir='ltr' id='par_1_10' title="bbox 185 3719 1298 3880">
     <span class='ocr_line' id='line_1_38' title="bbox 248 3719 1298 3818; baseline 0.013 -32"><span class='ocrx_word' id='word_1_280' title='bbox 248 3721 330 3788; x_wconf 87' lang='lat' dir='ltr'>alias</span> <span class='ocrx_word' id='word_1_281' title='bbox 347 3719 604 3803; x_wconf 84' lang='lat' dir='ltr'>observationes,</span> <span class='ocrx_word' id='word_1_282' title='bbox 628 3743 663 3792; x_wconf 89' lang='lat' dir='ltr'>ut</span> <span class='ocrx_word' id='word_1_283' title='bbox 675 3725 758 3792; x_wconf 88' lang='lat' dir='ltr'>serio</span> <span class='ocrx_word' id='word_1_284' title='bbox 772 3751 841 3794; x_wconf 86' lang='lat' dir='ltr'>rem</span> <span class='ocrx_word' id='word_1_285' title='bbox 856 3729 940 3794; x_wconf 85' lang='lat' dir='ltr'>hanc</span> <span class='ocrx_word' id='word_1_286' title='bbox 951 3727 1190 3818; x_wconf 86' lang='lat' dir='ltr'>contemplanti</span> <span class='ocrx_word' id='word_1_287' title='bbox 1211 3751 1298 3800; x_wconf 79' lang='lat' dir='ltr'>ma·</span> 
     </span>
     <span class='ocr_line' id='line_1_39' title="bbox 185 3805 588 3880; baseline 0.017 -12"><span class='ocrx_word' id='word_1_288' title='bbox 185 3875 187 3880; x_wconf 67' lang='lat'>,</span> <span class='ocrx_word' id='word_1_289' title='bbox 247 3805 396 3872; x_wconf 74' lang='lat' dir='ltr'>nitentum</span> <span class='ocrx_word' id='word_1_290' title='bbox 410 3811 469 3874; x_wconf 84' lang='lat' dir='ltr'>esse</span> <span class='ocrx_word' id='word_1_291' title='bbox 483 3811 588 3875; x_wconf 83' lang='lat' dir='ltr'>debet.</span> 
     </span>
    </p>
   </div>
   <div class='ocr_carea' id='block_1_8' title="bbox 181 4047 857 4086">
    <p class='ocr_par' dir='ltr' id='par_1_11' title="bbox 181 4047 857 4086">
     <span class='ocr_line' id='line_1_40' title="bbox 181 4047 857 4086; baseline 0.006 -4"><span class='ocrx_word' id='word_1_292' title='bbox 181 4054 183 4060; x_wconf 62' lang='lat'><strong>¹</strong></span> <span class='ocrx_word' id='word_1_293' title='bbox 224 4047 701 4084; x_wconf 48' lang='lat' dir='ltr'>ffl-ss-at-nss-r</span> <span class='ocrx_word' id='word_1_294' title='bbox 739 4077 740 4084; x_wconf 65' lang='grc'>,</span> <span class='ocrx_word' id='word_1_295' title='bbox 855 4079 857 4086; x_wconf 96' lang='grc'>.</span> 
     </span>
    </p>
   </div>
   <div class='ocr_carea' id='block_1_9' title="bbox 0 0 1442 4622">
    <p class='ocr_par' dir='ltr' id='par_1_12' title="bbox 0 0 1442 4622">
     <span class='ocr_line' id='line_1_41' title="bbox 0 0 1442 4622; baseline 0 10"><span class='ocrx_word' id='word_1_296' title='bbox 0 0 1442 4622; x_wconf 95' lang='lat' dir='ltr'> </span> 
     </span>
    </p>
   </div>
  </div>
 </body>
</html>
