2876 4622
267 525 530 608 Exercitatorum
550 534 795 597 observatorum
820 529 1014 678 supponitur
1031 530 1165 594 eandem
1183 527 1297 624 quan-

269 625 397 690 titatem
422 621 492 684 tubi
512 629 541 686 dr
556 614 642 683 oculi
661 615 774 681 haberi
800 613 833 677 in
888 614 1083 695 mersionibus,
1105 634 1173 698 quae
1192 616 1238 678 est
1254 635 1297 676 ιιι

269 703 511 787 Immarfionibus‚
530 706 592 768 hoc
609 705 674 774 est,
696 698 848 764 lemiss'em
865 695 1053 762 differentiae
1077 698 1210 761 duarum
1230 695 1297 761 dif-

270 788 484 858 lereutiarum
509 785 793 854 meridianarum,
821 803 958 866 quarum
976 803 1041 845 una
1064 781 1233 845 deducitur
1249 801 1298 846 ex

271 875 346 944 solis
361 871 603 955 Immemorem,
624 869 728 930 altera
748 887 790 930 ex
808 865 883 930 solis
901 863 1116 946 Emerfiour'brs.

443 1033 1014 1116 ANIMADVERSIO
1063 1033 1129 1116 ΙΙΙ.

278 1213 286 1224 ’
314 1214 397 1277 Cum
416 1206 460 1271 ita
487 1229 525 1270 ue
546 1229 587 1272 ex
604 1209 665 1271 hac
689 1203 842 1270 methodo
865 1205 1025 1286 Regulam
1036 1207 1206 1270 habeamus
1223 1203 1301 1268 uni-

275 1297 433 1358 versalem
458 1229 667 1377 liciumque,
699 1309 761 1374 qua
786 1286 1016 1373 quantitatem
1030 1289 1154 1355 effedus
1174 1287 1248 1349 tubi
1266 1297 1301 1355 δι

275 1375 380 1449 oculi,
413 1375 429 1459 (
439 1372 689 1459 quemeffeduru
700 1374 907 1457 compositum
920 1376 1085 1458 appellere
1103 1378 1189 1438 soleo
1212 1393 1302 1456 prae·

275 1457 423 1526 stantiam
446 1457 530 1540 tubi)
553 1457 629 1523 sutis
655 1470 805 1520 accurate
826 1459 987 1530 (fortaffis
1004 1455 1093 1522 intre
1109 1455 1250 1522 limitem
1271 1463 1299 1535 '5

276 1544 523 1617 secundorum)
558 1537 779 1606 determinare
814 1542 989 1624 possimus,
1024 1563 1131 1630 operra
1150 1535 1299 1626 pretium

278 1623 342 1693 erit
365 1625 522 1690 utilitates
546 1627 641 1710 hujus
661 1619 938 1686 determinationis
944 1647 1042 1710 porro
1060 1621 1299 1707 contemplari,

278 1721 306 1778 dr
326 1713 368 1775 ob
381 1715 491 1775 oculos
511 1731 645 1796 ponere.
665 1705 800 1770 Utilitas
817 1705 992 1793 primasii,
1007 1711 1093 1795 quod
1106 1705 1218 1773 habita
1234 1707 1301 1769 hac

280 1793 463 1882 quantitate
485 1791 676 1878 praestantiae
686 1791 757 1855 tubi
787 1807 842 1854 aut
863 1790 930 1871 jam
958 1791 1197 1866 determinata,
1240 1806 1302 1872 aut

281 1879 378 1943 etiam
391 1876 466 1941 dein
479 1881 535 1940 suo
555 1891 700 1960 tempore
714 1873 889 1960 aliquando
899 1876 1161 1950 determinanda,
1181 1875 1304 1939 Astro·
1406 1949 1407 1962 χ

280 1961 366 2028 nomi
396 1982 462 2023 uno
479 1960 653 2045 eodemque
673 1958 752 2022 tubo
774 1972 917 2032 utentes,
945 1959 1020 2042 dum
1036 1983 1096 2046 per
1110 1961 1222 2025 orbem
1244 1979 1306 2044 pe·

280 2044 513 2128 regrinantur,
535 2039 616 2105 fana
635 2040 670 2104 iu
685 2045 757 2105 loco
775 2039 885 2124 aliquo
903 2065 986 2120 una,
1015 2051 1180 2132 alteraque
1195 2041 1308 2106 obser-

281 2126 417 2193 vatione
432 2127 519 2189 bona
534 2123 694 2190 Satellitis
723 2128 750 2188 I.
766 2143 821 2187 aut
835 2128 884 2198 11,
902 2129 967 2192 seve
978 2123 1307 2204 eafitsolalmmersto.
1406 2189 1407 2194 ,

282 2216 348 2277 five
369 2213 437 2272 sola
459 2208 606 2288 Emerfio,
640 2205 693 2269 cui
716 2207 750 2271 in
769 2213 887 2288 altero,
901 2213 972 2279 loco
999 2209 1177 2276 observatio
1196 2231 1308 2274 corre·
1406 2209 1407 2214 ’

284 2294 443 2380 spondens
470 2293 627 2363 habetur,
664 2289 859 2378 differentia
875 2293 1126 2358 meridianorum
1146 2292 1309 2380 perinde,
1406 2359 1407 2376 χ

286 2387 315 2444 &
333 2399 370 2440 ea
384 2378 588 2439 accuratione
604 2375 856 2448 determinetur,
880 2380 966 2460 qu'usr
982 2377 1016 2440 in
1031 2381 1142 2442 eodem
1156 2381 1231 2442 loco
1244 2395 1310 2440 an·

287 2459 338 2526 nis
383 2457 508 2522 iuribus
530 2459 758 2524 commorando
780 2458 936 2544 plurimas
957 2469 989 2528 dr
1004 2459 1192 2538 Immetfiones
1213 2459 1245 2525 dt
1263 2459 1311 2524 E-

252 2611 253 2616 ,
287 2485 430 2626 metldiues
446 2541 620 2630 peregisset.
662 2542 749 2605 Nam
768 2545 889 2616 sinoce,
910 2546 1133 2611 autnoscenda
1148 2547 1205 2608 suo
1223 2559 1309 2606 tem-

288 2653 368 2718 pore
391 2630 458 2690 haec
478 2625 640 2712 quantitas
688 2624 850 2689 raestantiae
878 2627 948 2690 tubi
966 2628 1125 2704 addatur,
1156 2631 1214 2693 vel
1236 2629 1311 2692 sub·
1406 2631 1407 2692 1

281 2714 441 2779 'trahatur
463 2733 482 2773 a
505 2727 636 2796 reperta
662 2650 843 2774 differentia
867 2710 1116 2776 meridianorum
1129 2734 1188 2798 per
1203 2714 1312 2776 talem

292 2793 553 2861 observationem
570 2794 718 2868 dedetis,
741 2815 778 2855 ea
794 2792 840 2856 ita
856 2792 1020 2860 reducitur
1034 2797 1075 2858 ad
1090 2795 1313 2876 aequalitatem
1406 2833 1407 2872 p

293 2879 464 2952 tuborum,
486 2880 573 2964 quali
593 2877 744 2962 utrinque
760 2875 870 2941 iisdem
888 2876 973 2942 tubis
994 2889 1022 2944 δι
1037 2879 1139 2942 oculis
1155 2878 1313 2942 institutae
1406 2875 1407 2888 ¹

293 2961 421 3030 fuissent
435 2961 695 3036 observationes,
723 2974 760 3024 ut
783 2959 816 3023 in
833 2962 1000 3048 Exemplis
1022 2961 1109 3026 infre
1125 2962 1309 3027 referendis

295 3044 442 3132 patebit3
470 3045 557 3108 Hinc
575 3067 660 3116 :vero
676 3061 788 3135 patets
814 3066 941 3130 quuntae
962 3044 1114 3110 utilitatis
1130 3051 1192 3128 dt,
1213 3049 1237 3111 sr
1258 3067 1313 3110 eo·
1406 3101 1407 3114 ,

297 3133 369 3195 dem
387 3131 509 3212 semper
535 3149 669 3192 numero
692 3129 789 3201 tubo,
821 3133 1032 3214 cujuscunque
1052 3129 1077 3191 is
1103 3133 1142 3193 fit
1159 3133 1315 3224 praestan·
1406 3137 1407 3182 l

298 3213 351 3276 ties
368 3205 454 3274 'idem
471 3211 662 3275 observator
685 3228 794 3274 utetur
809 3235 869 3295 pro
888 3213 936 3277 his
958 3213 1252 3289 observationibus3
1288 3217 1313 3275 si
1406 3203 1407 3278 i

298 3293 385 3362 enim
395 3297 608 3359 Astronomus
623 3294 779 3380 quispiam
795 3314 936 3380 ponatur
950 3298 1010 3360 hoc
1032 3301 1086 3359 suo
1106 3298 1197 3370 tubo,
1211 3295 1247 3360 in
1263 3299 1313 3358 lo·
1406 3295 1407 3304 ’

299 3404 338 3447 co
362 3377 472 3460 aliquo
486 3396 546 3462 per
562 3396 662 3442 unum
674 3384 873 3464 alterumque
889 3403 1011 3445 annum
1031 3401 1250 3454 commorans,
1261 3375 1312 3441 di-

299 3462 442 3545 ligenter
457 3462 699 3530 observationes
714 3465 899 3528 Satellitum
914 3481 980 3528 tam
997 3460 1196 3544 huuerfiouen
1214 3481 1313 3546 quam

301 3545 477 3624 Emetfiones
496 3545 666 3632 peregiffe‚
688 3563 782 3632 atque
802 3569 843 3611 ex
865 3547 934 3610 eliis
950 3544 1190 3614 communicatis
1204 3547 1313 3610 obser·

303 3627 490 3697 nationibus
512 3630 643 3692 alterius
660 3630 745 3705 loci,
773 3629 829 3694 ubi
849 3635 948 3694 fixum
972 3634 1110 3696 habetur
1129 3630 1314 3693 observato·

303 3713 388 3777 rium
426 3711 700 3788 astronomicum,
746 3715 807 3778 hac
838 3737 908 3776 mea
940 3715 1098 3779 methodo·
1121 3723 1186 3795 jem
1208 3713 1313 3778 deter-

300 3795 457 3860 minatum
472 3794 529 3860 effe
547 3794 689 3861 effedum
713 3797 882 3884 praestatrix
904 3799 964 3862 tubi
974 3797 1039 3878 sui,
1068 3793 1249 3888 hujusmodi
1266 3803 1314 3860 A·

300 3884 480 3945 strunomus
498 3879 559 3942 hoc
578 3881 634 3944 suo
649 3881 728 3945 tubo
748 3897 862 3958 utens,
892 3896 961 3948 tute
986 3883 1098 3946 orbem
1118 3893 1315 3966 peragrare,

267 4051 1364 4125 W
