2874 4620
757 353 820 423 196

268 579 456 646 Architeclo
470 579 594 654 Navis,
616 585 721 646 sream
735 626 746 652 ,
767 593 957 664 propterea,
980 580 1066 666 quod
1079 580 1137 646 libi
1150 579 1184 644 in
1200 581 1286 647 hunc

261 665 352 730 usum
367 665 491 730 inutilis
507 666 637 740 evadat,
655 669 763 740 male,
785 677 881 748 atque
896 670 1108 748 connati-ges
1126 663 1285 730 mechani-

262 769 304 814 cae
320 749 531 815 fabrefactam
546 750 750 837 pronunciet.
1073 795 1078 804 .

166 895 169 902 .
303 834 464 916 Quoniam
481 835 521 898 ad
534 833 759 919 corrigendas,
783 846 881 916 atque
903 832 944 896 ed
966 830 1187 916 aequalitatem
1211 833 1285 896 effe·

200 991 204 1004 .
262 921 327 981 slus
345 919 496 984 tuborum
510 920 704 984 reducendae
718 915 1182 1008 observationes'sranfituum
1210 919 1284 1008 9⁶}

268 1007 292 1084 ᾖ
318 1021 373 1066 aut
389 1007 411 1080 J)
430 1019 507 1068 ante
517 1005 635 1068 discum
646 1000 930 1077 Solis,uecelsaria
938 1006 982 1066 est
992 1000 1109 1065 notitia
1118 1007 1283 1082 augmenti

260 1087 430 1160 tuborum,
452 1086 589 1171 rogandi
605 1089 679 1150 sunt
694 1087 935 1159 observatores,
956 1101 993 1150 ut
1007 1084 1043 1149 in
1051 1081 1209 1149 relatione
1227 1080 1282 1144 ob·
1390 1167 1393 1174 Α

259 1170 477 1234 servatiouum
492 1175 618 1237 suerum
646 1173 740 1252 hujus
762 1169 923 1236 necessarii
942 1167 1092 1255 requisiti.
1108 1164 1283 1232 meminisse

259 1255 385 1332 velint,
408 1253 562 1320 dicendo:
586 1256 677 1320 tubum
705 1254 823 1331 adhbui
842 1253 903 1322 Ex.
918 1251 975 1319 Gr.
991 1245 1161 1339 dioptrirum
1176 1269 1226 1314 η.
1252 1272 1283 1311 e·

257 1336 322 1400 dum
337 1359 399 1400 eum
413 1339 486 1404 lente
500 1339 613 1404 censuri
623 1339 690 1424 soci
701 1363 732 1419 4.
747 1339 916 1423 digitomm,
928 1353 979 1402 aut
994 1339 1058 1416 usus
1067 1336 1133 1418 sum
1141 1343 1171 1397 6.
1180 1350 1217 1419 pe
1237 1354 1281 1428 utu

257 1445 320 1484 curn
337 1425 411 1486 hatte
423 1426 536 1489 oculari
548 1425 617 1505 soci
635 1446 664 1507 3.
683 1425 839 1508 digitorum
855 1419 920 1488 &n
961 1425 1041 1490 Non
1067 1419 1142 1486 satit
1159 1421 1211 1482 est
1235 1417 1279 1480 dr·

147 1571 150 1578 Α
250 1528 347 1584 icere,
368 1507 682 1574 tubousnssumra.
703 1513 808 1573 velo.
847 1508 1005 1582 edum,‘li
1026 1503 1113 1569 enim
1139 1523 1207 1568 nou
1227 1501 1279 1564 ad·

258 1591 354 1656 datur
367 1594 457 1656 focus
469 1592 570 1658 lentis
587 1593 743 1666 ocularis,
767 1597 837 1658 liert
851 1595 973 1678 potest,
994 1605 1033 1656 ut
1053 1586 1149 1652 tubus
1172 1595 1203 1650 6.
1225 1608 1278 1668 pe·

258 1676 349 1750 dum,
372 1677 460 1762 paris
474 1682 512 1745 sit
525 1675 693 1760 augmenti
709 1699 780 1742 cum
797 1678 875 1742 tubo
896 1695 944 1740 raa
960 1678 1096 1762 pedum,
1118 1675 1142 1736 li
1165 1691 1281 1754 nempe

254 1759 351 1824 tubus
369 1771 399 1823 6.
416 1765 534 1850 pedum
550 1761 669 1825 habeat
680 1766 802 1826 lentem
817 1767 880 1828 Ex.
898 1763 958 1828 Gr.
974 1781 1002 1842 3.
1020 1757 1215 1843 digitorum,
1251 1762 1278 1820 da

254 1843 350 1908 tubus
365 1865 415 1908 ιι.
456 1849 549 1911 edum
563 1851 684 1910 lentem
704 1857 733 1910 6.
758 1844 958 1928 digitorum,
985 1843 1050 1908 erit
1071 1854 1279 1926 augmentum

255 1927 326 1989 tubi
341 1937 371 1996 6.
386 1871 506 2014 pagum
523 1955 566 1986 =
579 1951 648 2007 u4es
664 1939 692 1995 d
708 1928 778 1992 tubi
794 1949 844 2004 rc,
858 1929 975 2014 pedum
988 1925 1085 1991 etiam
1099 1935 1182 2002 ’64ηΙ
1213 1927 1278 1988 Eo-

253 2012 325 2074 dem
341 2013 437 2077 modo
451 2031 659 2096 augmentum
682 2013 837 2077 tuborum
864 2010 1171 2100 catadioptricorum
1196 2007 1275 2072 Gre-

250 2093 459 2179 gorinnormu
474 2101 529 2162 suo
550 2099 644 2161 modo
665 2095 871 2162 indicandum
891 2102 945 2162 est.
1223 2093 1232 2108 ’

264 2201 268 2234 τ
293 2181 513 2246 Praetermitto
529 2171 1275 2266 refutationemobjedrionumquarundamcon·

252 2277 302 2325 tra
318 2263 536 2344 precisionem
550 2265 695 2329 methodi
708 2285 796 2331 nnnc
813 2267 980 2351 propositae
996 2283 1014 2323 a
1033 2257 1138 2322 minus
1152 2256 1277 2343 perspi·

251 2345 377 2411 c'acibus
389 2345 524 2413 fortallis
538 2348 776 2423 faciendarum,
800 2355 956 2413 utielsent
968 2341 1076 2432 petitae
1093 2341 1134 2436 ab
1152 2339 1276 2436 athmo-

249 2430 266 2491 s
264 2431 370 2514 phaera
382 2431 543 2502 Veneris,
564 2455 583 2494 a
598 2449 716 2497 corona
733 2431 841 2498 lucida
853 2433 972 2497 discum
993 2431 1130 2492 Veneris
1153 2446 1221 2519 non
1237 2428 1276 2488 11·

251 2512 447 2586 luminatum
462 2517 646 2591 ambiente,
668 2516 707 2581 ab
732 2533 907 2600 augmento
934 2509 1083 2578 diametri
1106 2512 1276 2605 Sphsnper

251 2598 428 2667 tubos.non
442 2602 524 2666 bene
541 2601 723 2665 elaboratos
735 2600 918 2686 conspicui,
941 2616 998 2661 aut
1026 2601 1045 2662 b
1059 2595 1275 2658 diminutione

251 2681 402 2750 diametri
427 2691 447 2762 2
470 2686 504 2750 in
519 2684 604 2749 disco
622 2685 728 2750 lucido
744 2691 780 2761 Θ
796 2681 958 2749 versantis
974 2731 985 2764 ‚
1007 2683 1046 2744 de
1066 2676 1179 2763 quibus
1196 2674 1274 2740 satis

249 2768 316 2830 fuse
333 2769 387 2851 egi
399 2769 435 2834 in
449 2768 642 2834 collectione
657 2789 728 2834 mea
749 2765 976 2848 olfferuationum
998 2767 1033 2829 de
1051 2763 1210 2857 Trenfitu
1245 2764 1266 2838 2

249 2871 309 2934 per
326 2852 444 2918 discum
466 2857 503 2930 Θ
520 2876 538 2916 a
557 2873 629 2938 pag.
647 2875 696 2934 23.
713 2853 847 2937 ad,pag.
864 2849 1133 2938 29.,fac[tleen1m
1153 2847 1273 2908 etheo·

249 2931 299 2996 ria
314 2957 385 2999 mea
401 2959 490 3002 nunc
504 2936 672 3023 explicata
687 2934 895 3022 perspicitur,
918 2934 1004 3002 nihil
1018 2928 1274 2999 omniuocoutra

249 3040 356 3083 meam
367 3022 557 3086 methodum
570 3019 698 3094 facete,
721 3020 862 3108 quidquid
879 3041 935 3084 non
950 3033 1039 3082 mmm
1056 3015 1200 3080 admodum
1206 3015 1274 3096 sen-

189 3123 193 3136 ·
237 3101 366 3180 ⁸fidiliter
379 3122 557 3186 augmentum
572 3105 649 3178 tubi,
683 3125 733 3168 aut
755 3106 949 3193 apparentium
961 3115 1053 3168 motus
1079 3097 1201 3164 Veneris
1216 3118 1273 3186 per

248 3186 350 3266 discum
364 3187 444 3252 Solis
460 3211 514 3252 non
527 3188 677 3254 admodum
691 3192 797 3254 iuriae.

260 3297 269 3330 ι
290 3275 350 3337 Ex'
364 3271 414 3336 his
431 3273 508 3336 meis
527 3270 693 3358 principiis
707 3273 805 3340 facile
824 3267 963 3338 construi
977 3273 1106 3356 possunt
1118 3266 1201 3331 binae
1217 3261 1271 3362 ad·

247 3352 309 3418 huc
328 3359 464 3424 Tabulae
487 3357 631 3422 erenum
654 3358 807 3424 tuborum
829 3355 1040 3426 exhibentes.
1071 3351 1185 3439 quibua
1210 3365 1270 3414 utr-

247 3459 320 3501 mur
334 3441 376 3502 ad
393 3439 636 3505 observationes
652 3445 818 3507 Transrtus
832 3438 992 3506 Mercurii
1008 3456 1065 3504 aut
1083 3444 1186 3506 Lunae
1211 3455 1292 3582 gere

247 3518 367 3586 discum
382 3523 475 3587 Solis.
519 3530 602 3591 Cum
629 3522 714 3588 enim
738 3525 826 3612 parti
846 3523 1024 3591 insensibili
1042 3529 1094 3601 4“,
1116 3524 1210 3585 secun
1234 3542 1266 3579 ορ

176 3609 182 3620 ’
245 3626 318 3666 rum
338 3603 413 3672 disci
429 3605 707 3692 Soliscompetant
717 3608 865 3695 proxime
881 3608 1100 3686 24“.secunda
1115 3600 1270 3694 temporis

134 3747 136 3754 i
244 3705 352 3751 motus
368 3690 465 3756 medii
482 3689 660 3773 Mercurii,
682 3692 771 3758 facili
795 3698 921 3758 calculo
948 3690 1078 3758 Tabula
1099 3685 1270 3774 supputari

242 3777 368 3854 potest,
388 3773 498 3838 similis
520 3773 679 3848 Tabulae,
702 3799 797 3862 quam
812 3779 908 3864 supra
919 3799 981 3864 pro
995 3777 1128 3843 Venere
1149 3795 1268 3860 propo·

162 3879 174 3902 e
241 3855 310 3927 sui,
332 3873 369 3918 ut
379 3873 489 3923 tamen
512 3859 575 3922 hoc
597 3880 724 3944 quoque
746 3861 860 3927 labore
882 3865 1093 3928 Astronumos
1112 3857 1267 3934 liberem,

240 3959 282 4000 en
295 3942 365 4033 sisto
384 3941 548 4035 Tabulam
564 3963 626 4026 pro
642 3945 699 4008 usu
712 3943 976 4012 observationum
992 3947 1024 4008 T
1025 3946 1161 4009 rrnfitus
1174 3946 1268 4012 Mer-

206 4081 209 4088 ,
239 4041 320 4082 curn
338 4044 397 4104 per
419 4023 537 4087 discum
550 4024 642 4092 Solia.
