2876 4622
583 347 641 407 291
1010 331 1013 347 ’
1147 379 1150 386 «

55 406 1176 458 W
227 456 1158 485 Μ

101 567 187 628 hanc
206 583 310 626 meam
330 563 450 642 evulgo
467 561 656 631 Tabulam,
688 577 788 641 equa
815 571 950 640 apparet
971 557 1126 644 temporis
1208 577 1210 586 ‘

106 644 273 711 discrimen
289 644 324 714 in
346 647 495 709 contestu
521 665 585 708 uno
610 639 764 706 interiore
783 639 919 706 duorum
940 639 1127 706 observato·

106 753 177 794 rum
192 729 311 792 diversi
324 729 489 812 augmenti
512 725 597 792 tubis
619 723 862 792 observantium
891 725 950 787 'esse
970 725 1128 809 potuisse,

102 824 130 880 δι
147 811 236 878 fuisse
255 822 316 896 ις’.
332 812 395 874 imo
414 817 488 877 ποῖ’.
504 823 532 879 81
549 814 637 873 ultra
645 809 867 882 secundorum,
890 825 1004 872 notum
1019 827 1127 877 autem

103 899 147 959 est
168 894 335 959 discrimen
353 906 421 958 10⁰.
439 893 592 980 temporis
606 891 641 956 in
660 896 830 967 contrua,
851 896 908 956 vel
926 889 961 956 in
976 893 1126 962 differenss

103 979 148 1042 tia
166 977 425 1044 Meridianorum
440 983 618 1064 producere
633 974 803 1042 discrimen
816 974 851 1040 in
867 975 1032 1062 parallaxi
1044 983 1124 1044 solau

102 1062 132 1126 ri
150 1062 245 1126 unius
263 1064 409 1150 secundi,
429 1067 543 1127 saltem
558 1064 581 1126 sr
595 1058 835 1126 observationes
849 1063 1017 1148 Europaeae
1039 1062 1128 1130 inter

48 1193 49 1200 κ
101 1150 133 1210 se
148 1166 386 1231 comparentur.
502 1219 504 1222 ,
870 1203 873 1206 .
955 1151 957 1154 ’

142 1227 311 1295 Notandum
329 1229 373 1296 II.
391 1235 444 1297 Ex
457 1231 585 1296 Tabula
594 1249 679 1305 mea,
693 1237 722 1296 dr
738 1233 842 1314 figura
854 1233 896 1295 II.
916 1229 1126 1300 demonstrati

48 1345 49 1350 ¹
101 1314 250 1402 quidem,
273 1317 379 1400 quod,
400 1313 455 1402 qui
472 1317 553 1380 rubo
585 1311 689 1378 utitur
727 1313 857 1394 majoris
880 1318 1067 1399 augmenti,
1096 1315 1125 1382 ei

99 1402 285 1464 conradum
299 1398 486 1464 interiorem
510 1398 543 1463 iu
555 1401 676 1482 egressu
684 1397 806 1461 tardius
817 1395 887 1460 fieri
901 1422 1056 1484 apparere
1072 1403 1125 1466 de·

99 1484 198 1558 bere,
220 1499 335 1546 contra
349 1483 460 1558 sitim,
483 1482 536 1570 qui
555 1479 690 1546 minoris
705 1481 870 1564 augmenti
900 1483 1003 1547 utitur
1027 1485 1124 1563 tubo,

98 1567 197 1650 idque
212 1581 337 1634 revera*
346 1571 404 1631 esse
416 1571 502 1652 posse
516 1564 679 1632 criterium
692 1581 834 1642 certum,
856 1573 1041 1652 &regulam
1055 1569 1126 1636 uni-

101 1653 281 1724 versalem,
303 1668 366 1736 qua
378 1649 506 1716 bonitas
525 1649 786 1717 observationum
802 1649 1007 1734 exploretur,
1029 1653 1128 1718 nihil-

100 1730 250 1808 ominus,
272 1734 455 1819 quoniame
478 1757 625 1822 uuperno
650 1733 810 1800 Transito
831 1735 964 1800 Veneris
977 1737 1129 1803 'observa-

101 1815 209 1882 tiones
225 1817 396 1882 habeamus
413 1819 453 1882 ab
470 1816 652 1884 exercitatis
679 1816 776 1881 etiam
802 1818 1063 1886 observatoribus
1078 1825 1127 1887 fa-

104 1905 188 1982 ssas,
210 1923 279 1999 quae
293 1903 491 1968 contrarium
504 1901 703 1974 exhibeant,
732 1901 793 1967 hoc
811 1907 874 1980 est,
891 1903 1053 1970 habentur
1073 1905 1127 1970 ob·

100 1983 649 2060 ,servationesinterioriscontadus
659 1986 819 2068 inegressu
829 2037 838 2062 ,
849 1987 902 2073 qui
918 1987 954 2052 vi
962 1988 1128 2074 augmenti

104 2067 178 2133 tubi
200 2068 368 2134 observari
392 2069 570 2136 debuissent
594 2071 692 2135 serius
714 2072 857 2156 respesiu
885 2073 1018 2140 alterius
1042 2075 1129 2159 tubi,

98 2174 149 2234 eae
166 2169 276 2216 tamen
295 2155 457 2220 adnotata
474 2158 537 2220 fint
553 2157 644 2218 saue
657 2151 768 2228 citius,
789 2163 818 2221 uz
837 2154 970 2222 vicissim
989 2179 1060 2244 qun
1078 2175 1129 2224 tu.

99 2239 144 2301 bo
161 2237 298 2306 minoris
315 2237 564 2321 augmentisfieri
581 2237 756 2300 debuissent
773 2238 865 2304 citius
893 2243 1037 2327 respersu
1057 2241 1128 2309 tubi

95 2319 234 2405 majorIS
252 2321 432 2406 augmenti,
454 2323 571 2386 eredem
588 2322 750 2386 adnotatae
777 2323 959 2390 habeantur
973 2330 1063 2392 saetae
1082 2331 1127 2392 se·

97 2407 182 2472 rius.
212 2409 262 2469 Ea
275 2423 386 2470 tamen
405 2407 445 2472 de
464 2410 555 2470 causa
570 2427 636 2468 non
654 2407 752 2470 ausim
766 2406 1007 2474 observationes
1020 2413 1128 2492 hujus·

98 2490 192 2554 modi
208 2492 331 2553 referre
345 2488 433 2554 inter
449 2510 618 2564 erroneas,
639 2510 712 2552 cum
729 2489 824 2553 sciam
841 2515 937 2576 quant
952 2499 1129 2560 multaeesse

97 2579 226 2660 possint
248 2571 523 2650 circumstantiae,
550 2593 619 2659 quae
643 2571 724 2636 citra
741 2577 888 2660 cuipam,
912 2576 1129 2645 observatoris

98 2654 369 2722 observationem
390 2659 514 2722 afficere
531 2660 658 2743 possint.
698 2655 750 2720 Sic
771 2659 960 2723 observator
972 2675 1065 2725 utens
1079 2679 1131 2727 tu·

97 2745 143 2806 bo
162 2739 293 2818 majoris
310 2740 492 2823 augmenti,
515 2742 662 2804 fioculus
681 2743 746 2816 jum
760 2762 803 2803 ex
812 2739 884 2803 aliis
904 2742 1132 2812 observationi·

97 2828 161 2888 bus
182 2823 360 2885 adualibus
376 2822 533 2906 fatigatus
548 2827 602 2899 sit,
624 2819 717 2889 citius
730 2821 840 2886 videre
854 2829 957 2908 potest
972 2827 1043 2893 fieri
1054 2852 1130 2894 con·

97 2911 227 2973 tastum
237 2905 448 2980 interiorem,
468 2929 534 2991 pree
551 2905 629 2982 illo,
660 2903 715 2992 qui
734 2906 821 2982 ‚tubo
843 2907 975 2973 minoris
1001 2910 1131 2996 quidem

95 2987 289 3072 augmenti,
311 2989 364 3052 sed
389 2989 486 3055 ocutis
509 2987 715 3064 recentibus,
747 2997 776 3058 ἃ
796 2989 835 3054 ab
857 2991 1133 3062 observationibus
1191 2999 1193 3001 ’

98 3072 307 3158 aliquamdiu
333 3071 566 3159 quiescentibus
582 3077 653 3140 usus
665 3077 736 3146 est,
767 3091 863 3160 atque
884 3074 931 3141 ita
949 3079 988 3144 de
1012 3079 1151 3148 caeteris·

97 3155 354 3224 circumstantiis
368 3157 455 3232 tubi,
479 3179 547 3224 nou
561 3157 636 3222 satis
652 3157 781 3244 praecise
794 3159 915 3226 limbos·
928 3162 1134 3243 exhibentis,

94 3259 156 3307 aut
175 3239 274 3302 venti
286 3246 343 3304 vel
359 3241 511 3319 nubium,
533 3247 590 3308 vel
607 3243 766 3308 commodi
789 3246 864 3310 situs
886 3246 973 3310 oculi
992 3257 1048 3318 dre.
1072 3249 1133 3315 dis·

48 3347 50 3412 1
97 3325 311 3392 currendum.
372 3327 455 3393 Mea
482 3326 566 3390 enim
591 3328 659 3391 haec
685 3327 865 3396 Methodus
883 3329 1134 3401 circumstantias

48 3415 50 3488 s
93 3427 232 3478 caeteras
245 3408 398 3492 supponit
415 3414 553 3495 aequales
573 3408 606 3474 in
626 3425 764 3494 utroque
778 3413 1133 3488 observatore,solum·

91 3519 159 3584 que
177 3491 346 3556 diversum
363 3510 571 3575 augmentum
597 3493 746 3558 tuborum
771 3499 825 3560 res
844 3495 900 3562 icit
929 3499 1134 3580 cbnjunttum

90 3601 231 3651 tamen,
254 3597 326 3638 cum
341 3576 419 3640 eluro
431 3563 471 3644 di
487 3576 615 3660 distitisse
630 3576 777 3642 timueram
790 3520 931 3664 Videris,
953 3569 993 3652 E?
1006 3581 1135 3653 Solisre·

86 3659 334 3756 prease‘ntutione‚
356 3661 446 3726 cuivis
461 3673 609 3744 augmento
621 3661 808 3747 respondente.
1090 3725 1092 3734 s

135 3744 326 3812 Theoriam
350 3747 434 3811 hanc
468 3767 571 3809 meam
596 3744 803 3830 experientiae
828 3751 885 3827 effe
908 3753 1135 3834 conformem,

88 3836 183 3900 infra
209 3825 341 3915 quidem
358 3853 398 3892 ex
414 3827 638 3893 observatione
658 3829 743 3894 Solis
760 3829 821 3894 diei
849 3835 876 3895 r.
910 3835 1038 3920 Aprilis
1063 3847 1136 3908 An-

87 3919 125 3984 ni
152 3925 254 3998 1764.
285 3911 338 3976 hic
363 3912 502 3983 Viennae
540 3915 624 3978 setta
648 3911 775 3976 uberius
807 3915 1056 4002 demonstrabo,
1084 3918 1137 3988 hic

67 4085 1163 4115 ...w—mma&

48 4117 1184 4163 Μ
