2916 4616
754 345 815 404 28⁸

263 567 352 649 jetta
372 570 509 632 fuerunt
530 564 570 630 ab
593 559 752 647 aliquibus
776 563 998 639 Astronomis,
1027 564 1114 649 quod
1143 583 1186 628 eae
1211 587 1283 628 cum

266 647 403 743 aliprum
423 655 690 718 Astronomorum
702 647 980 713 observationibus
996 671 1063 712 non
1080 647 1154 711 satis
1176 649 1285 734 praeci-

265 735 296 796 se
305 735 542 800 consentientes
560 732 634 796 visa
652 736 722 796 lint.
765 733 844 812 3tio:
867 732 983 798 mirum
999 754 1069 797 non
1083 736 1142 796 elle
1154 749 1281 804 tautam

266 816 353 881 iuter
382 823 593 883 Astronombs
618 813 864 900 discrepantiam
887 818 1048 904 productae
1079 822 1285 898 parallaxeos

265 901 349 965 Solis
372 927 389 966 e
419 906 573 968 Tranfitu
588 899 729 966 Veneris
743 899 909 976 definitae,
931 917 1046 987 utpote
1063 921 1132 986 quae
1161 900 1285 964 duobus

237 1049 240 1087 '
265 985 432 1072 principiis
445 987 591 1050 nondum
606 982 678 1048 latis
695 982 823 1070 praecise
837 985 979 1050 definitis
997 984 1187 1060 nitebatur;
1217 982 1285 1068 pri-

237 1092 239 1141 :
265 1091 352 1132 mum
371 1067 828 1144 est,accuratadiffer.Merid.
839 1069 1076 1143 determinatio,
1091 1089 1160 1152 quae
1179 1069 1288 1133 hucul-

266 1162 424 1236 quejuxtn
439 1175 551 1218 omnes
567 1154 848 1218 notasMethodos
863 1152 1035 1217 definiendi
1049 1153 1150 1220 differ.
1167 1151 1287 1216 Merid.

265 1239 378 1300 saltem
397 1239 438 1302 ad
450 1248 522 1302 rou.
538 1239 594 1304 vel
614 1238 681 1316 ις’.
688 1236 784 1302 dubia
792 1255 871 1303 erat.
881 1237 1188 1312 Secundumautem,
1199 1237 1286 1320 quod

264 1343 352 1405 aeque
366 1321 500 1386 maximi
514 1322 671 1387 momenti
684 1327 744 1396 est,
767 1325 811 1384 est
828 1321 980 1386 tuborum
997 1321 1163 1388 diverlitas
1179 1321 1213 1382 iu
1224 1319 1285 1382 hac

244 1405 246 1418 '
264 1404 489 1469 observatione
508 1409 678 1472 Tranfitus
693 1403 931 1480 adhibitorum,
953 1427 1090 1490 quorum
1104 1402 1285 1469 differentia

264 1488 299 1552 in
322 1487 470 1562 interiori
486 1495 635 1554 commu
651 1489 749 1555 etiam
764 1491 805 1552 ad
826 1499 894 1569 15‘1.
909 1495 967 1554 vel
978 1491 1052 1554 200.
1071 1491 1226 1560 secunda,
1256 1494 1285 1551 81

263 1573 354 1637 ultra
370 1571 539 1638 ascendere
554 1579 673 1661 potest3
697 1591 810 1638 notum
831 1590 937 1640 autem
963 1573 999 1640 in
1025 1573 1210 1640 deducenda
1230 1591 1286 1654 pa·

240 1661 245 1671 “
263 1656 386 1722 rallaxi
400 1679 542 1724 errorem
557 1669 628 1728 201¹.
644 1659 871 1734 secundorum,
894 1662 948 1722 seu
962 1657 997 1722 in
1015 1656 1197 1724 differentia
1211 1659 1286 1720 Me·

263 1739 484 1819 ridianorum,
505 1746 555 1807 seu
571 1741 604 1808 iu
620 1741 845 1809 observatione
858 1741 1017 1807 inclusum
1035 1790 1045 1817 ,
1081 1763 1224 1807 errorem
1251 1739 1286 1801 in

262 1825 428 1915 parallaxi
441 1831 491 1890 ω’.
511 1829 720 1892 secundorum
743 1829 872 1889 causare
890 1831 998 1912 poffe3
1029 1829 1116 1913 quod
1137 1824 1286 1890 differen-

264 1909 343 1971 tiam
362 1909 625 1974 Meridianorum
640 1910 776 1982 attinet,
789 1911 891 1990 hujus
910 1927 1092 1975 accuratam
1105 1911 1191 1973 intra
1201 1905 1288 1969 lirni-

263 2009 331 2055 tem
342 2013 371 2070 3.
389 1993 443 2056 vel
461 2018 491 2073 4.
508 1996 719 2059 secundorum
742 1991 1046 2056 determinationem
1070 1991 1182 2058 haberi
1202 1993 1287 2076 polle

264 2099 304 2146 ex
319 2096 389 2138 mea
407 2097 494 2141 nutrc
506 2081 671 2162 proposita
686 2077 839 2140 methodo
853 2079 975 2150 elucet,
997 2079 1084 2162 quod
1106 2100 1188 2141 vero
1211 2078 1287 2139 effe·

262 2163 348 2221 ‘num
360 2157 511 2224 tuborum
528 2185 586 2246 pro
606 2157 831 2224 observatione
846 2161 1016 2224 Tranfitus
1038 2161 1178 2225 Veneris
1202 2158 1288 2222 adhi-

262 2241 406 2322 bitorum
421 2244 559 2328 speltae,
582 2267 653 2308 eum
669 2264 757 2306 nunc
775 2241 992 2309 determinare
1006 2245 1168 2321 conabor;
1201 2243 1288 2307 unde

262 2325 387 2390 utilitas
402 2325 572 2390 solutionis
591 2331 685 2407 hujus
697 2325 987 2406 Problematistam
998 2327 1032 2392 in
1042 2327 1222 2416 Eclipsrbns
1232 2329 1289 2391 So·

242 2407 404 2485 laribus,
426 2431 522 2496 quam
537 2409 858 2484 TranfituVeneris,
880 2411 1289 2478 velMercuriiobservan·

265 2491 328 2566 dis,
351 2509 446 2580 atque
463 2491 538 2558 inde
553 2493 746 2561 deducendis
761 2493 856 2558 certis
870 2495 1051 2560 Elementis
1065 2495 1274 2582 intelligitur.

307 2581 404 2658 Quod
420 2582 443 2644 fi
458 2576 538 2642 mihi
553 2595 683 2654 tantum
698 2576 913 2642 versatissimis
927 2580 1131 2644 Astronomis
1146 2578 1291 2644 scriben-

265 2661 339 2724 dum
357 2665 460 2739 foret,
481 2661 676 2727 solutionem
690 2661 911 2730 Problematis
932 2663 1026 2746 hujus
1051 2663 1160 2758 paucis
1177 2664 1292 2725 verbis

266 2752 512 2831 complecterer,
533 2747 674 2822 scilicet,
694 2745 882 2829 differentima
900 2761 1103 2833 temporariam
1116 2745 1294 2825 absentatio·

266 2851 329 2892 num
343 2831 642 2905 contal'lnnmtlivetfis
662 2833 737 2897 tubis
753 2830 899 2910 fallatum
911 2831 997 2917 sequi
1010 2831 1292 2916 rationemconpost-

267 2931 324 2976 tam
337 2913 506 2995 differentia
522 2917 663 3000 augmenti
679 2917 828 2989 tuborum,
849 2911 890 2978 &⁹
903 2933 992 2979 motus
1011 2917 1174 3004 apparentis
1189 2913 1272 2997 Astri
1280 2959 1291 2986 ,

266 2998 316 3060 buc
328 2996 382 3079 est,
404 2999 511 3076 Lunae,
531 3001 580 3063 uel
605 3001 752 3074 Veneris,
781 2999 831 3064 nel
847 2997 1000 3078 Mercurii
1012 3024 1068 3088 pet
1083 3001 1197 3080 discum.
1214 2998 1293 3063 Solis

267 3083 441 3162 transeuntis.
483 3083 644 3149 Sedenim
662 3084 863 3152 scribendum
871 3081 951 3146 mihi
966 3083 1062 3149 etiam
1071 3083 1129 3149 effe
1145 3080 1292 3169 Tyroni-

268 3165 327 3228 bus
342 3164 516 3250 intelligo,
539 3192 557 3233 a
576 3168 690 3254 quibus
704 3175 732 3236 dr
745 3170 854 3252 legor,
878 3175 907 3234 &
922 3189 1001 3252 quos
1013 3173 1112 3255 plene
1124 3167 1292 3232 instruens

270 3253 381 3334 cupio,
402 3247 478 3315 hinc
505 3256 604 3336 paulo
630 3256 727 3319 fufius
746 3249 929 3317 Materiam
956 3252 1040 3318 hanc
1064 3253 1144 3316 mihi
1168 3267 1291 3335 pertra-

271 3335 419 3399 dandam
438 3339 496 3400 elle
512 3335 597 3400 duxi.
638 3337 904 3400 Fundamentum
920 3335 1018 3398 totius
1031 3337 1124 3416 hujus
1140 3334 1291 3416 Theoriae

270 3420 364 3480 situm
383 3417 475 3496 estin
497 3424 563 3483 sola
578 3417 614 3484 vi
629 3421 799 3491 tuborum,
821 3439 885 3502 qua
912 3417 1033 3502 objeda
1054 3436 1238 3505 augentur,
1262 3429 1292 3486 dr

269 3499 304 3561 in
319 3503 487 3568 celeritate
503 3520 608 3568 motus
624 3502 813 3590 apparentis
831 3505 977 3569 Planetae
989 3527 1048 3590 per
1065 3505 1183 3569 dil'cum
1206 3503 1293 3569 Solis

271 3586 476 3651 transeuntis.
513 3586 627 3670 Igitur.

312 3674 336 3734 Ι.
359 3671 492 3734 Certum
502 3678 544 3734 est
555 3695 594 3736 ex
611 3669 1002 3746 Mechanicis‚fimobilia
1016 3675 1078 3738 duo
1088 3671 1203 3756 A,&B
1215 3671 1292 3737 duas

269 3753 372 3840 lineas
389 3777 456 3818 nun
471 3761 607 3840 aquales
623 3759 668 3830 C,
698 3763 727 3822 dr
743 3757 776 3820 D
793 3755 864 3840 Fig.
887 3761 913 3820 I.
936 3758 1046 3822 eodem
1062 3776 1207 3844 tempore
1220 3779 1293 3842 per·

270 3859 399 3900 currere
418 3838 616 3914 videantur,
638 3856 707 3905 tum
715 3839 837 3903 mobile
850 3843 1092 3907 Adecurrendo
1115 3843 1204 3906 viam
1226 3863 1291 3905 ma-

269 3925 371 4000 jorem
384 3921 415 3984 D
433 3921 599 3986 videbitur
628 3924 766 3988 celerius
784 3924 927 4001 moveri,
950 3949 1046 4012 quam
1068 3926 1186 3990 mobile
1203 3928 1291 3991 Bde-
1336 3966 1338 3969 ,

224 4068 226 4071 .
268 4005 425 4067 currendo
436 4005 556 4068 lineam
572 4005 729 4072 minorem
747 4010 785 4076 C.
1166 4021 1169 4028 ’
1236 4019 1239 4024 ·

218 4119 1347 4168 m
